2480 3175
1317 128 180 50 NOUVELLES
1537 131 241 50 ORLEANNAISES

1317 220 20 41 Le
1381 220 13 42 7e
1424 220 61 43 JAZZ
1528 220 73 44 BAND
1645 221 67 44 BALL
1752 221 50 45 aura
1839 221 37 45 lieu
1916 221 10 46 le
1966 221 100 47 samedi
2100 221 13 48 14
2153 222 137 48 novembre
2327 222 10 49 à
2367 222 10 49 la

1318 261 54 38 salle
1415 261 18 39 de
1475 261 9 39 la
1523 261 145 42 Mutualité.

1318 313 62 41 Dans
1416 313 37 41 une
1489 313 129 41 ambiance
1658 313 70 41 1930,
1756 313 120 41 Christian
1916 313 84 41 Guérin
2039 313 157 41 (promoteur
2230 313 20 41 de
2289 313 8 41 la
2334 313 47 41 sta¬

1319 349 39 37 tion
1397 349 18 38 de
1454 349 82 38 sports
1575 348 90 40 d’hiver
1701 348 18 40 Le
1761 348 106 41 Corbier
1903 348 18 41 et
1954 347 174 43 ex-trombone
2170 347 18 43 de
2231 347 147 44 l’orchestre

1318 382 92 48 Claude
1446 382 81 48 Luter)
1555 382 64 48 vient
1647 382 107 47 d’ouvrir
1786 382 17 47 un
1839 381 113 48 nouveau
1987 381 46 48 club
2072 381 18 48 de
2129 381 78 48 jazz:
2239 381 17 47 LE
2295 381 75 47 LAPIN

1317 421 103 39 ROUGE
1461 421 31 40 (4,
1524 421 31 41 rue
1599 421 19 42 du
1659 421 109 44 Rocher,
1803 421 90 46 Paris).

1319 467 11 51 Il
1363 467 36 51 est
1433 467 110 51 possible
1590 467 19 50 de
1653 467 66 50 diner
1756 467 125 50 (compter
1917 467 96 50 environ
2057 467 18 50 50
2119 467 0 50 F
2163 467 41 49 par
2240 467 144 49 personne)

1320 509 19 37 ou
1373 509 163 39 simplement
1562 509 18 39 de
1615 509 104 40 prendre
1750 509 19 41 un
1804 509 62 42 verre
1901 509 94 43 (alcool
2023 509 16 43 15
2074 509 19 44 F)
2118 509 50 44 tout
2193 509 19 45 en
2246 509 139 46 regardant

1317 541 148 43 l’excellent
1494 541 56 43 show
1596 541 39 44 des
1671 541 158 46 HARICOTS
1871 541 125 48 ROUGES

1318 599 19 41 Le
1380 597 93 44 célèbre
1511 593 221 49 MOUSTACHE,
1763 591 140 52 animateur
1938 590 19 53 de
1996 591 221 53 l’établissement
2251 596 132 49 intervient

1317 638 18 39 en
1378 638 168 39 interprétant
1581 638 120 39 quelques
1744 638 144 39 classiques
1931 638 18 39 du
1989 638 46 39 Jazz
2075 638 66 39 (avec
2181 638 99 39 paroles
2320 638 62 39 fran¬

1319 675 78 38 çaises
1424 675 12 38 !)
1466 675 18 38 et
1511 675 18 38 en
1568 675 91 39 faisant
1689 675 15 40 sa
1743 675 0 40 «
1779 675 210 41 gymnastique»
2022 675 39 42 aux
2097 675 94 43 drums.
2218 675 45 43 Une
2299 675 75 44 bonne

1319 708 76 40 soirée
1431 708 18 40 de
1481 707 106 42 garantie

1310 758 243 49 Jean-Christophe
1600 759 133 46 AVERTY,
1771 759 61 44 vient
1876 759 185 50 d’enregistrer
2105 759 34 47 une
2190 760 120 42 émission
2357 760 21 44 de

1322 793 19 44 TY
1380 793 35 44 sur
1447 793 115 44 l’histoire
1597 794 20 43 de
1655 794 132 43 l’Original
1815 794 122 43 Dixieland
1976 794 44 43 Jazz
2056 794 80 43 Band.
2165 795 35 42 Elle
2238 795 48 42 doit
2315 795 68 42 durer

1319 832 96 37 environ
1452 833 80 36 quatre
1569 833 86 37 heures
1691 833 18 37 et
1738 834 10 36 la
1782 834 70 36 partie
1889 834 117 36 musicale
2042 835 37 35 est
2107 835 104 36 assurée
2250 835 19 36 en
2308 836 67 35 partie

1321 867 38 41 par
1396 867 8 41 le
1445 868 51 41 High
1539 868 101 41 Society
1677 868 49 41 Jazz
1766 869 78 41 Band.
1875 869 26 41 Ce
1944 869 129 41 spectacle
2116 870 95 41 devrait
2248 870 41 41 être
2332 871 54 40 pro¬

1321 903 109 47 grammé
1464 904 55 45 dans
1560 904 27 45 les
1628 905 133 44 prochains
1802 906 54 42 mois

1320 954 30 47 M.
1378 954 99 46 Muller,
1504 955 140 42 animateur
1674 956 18 49 du
1729 956 48 49 Jazz
1811 956 55 49 Club
1903 957 21 48 de
1965 957 266 48 Saint-Leu-la-Forêt
2265 958 68 47 ouvre
2371 959 10 46 la

1318 996 81 36 saison
1445 996 54 36 avec
1542 996 18 37 un
1605 996 104 38 concert
1746 996 9 38 le
1801 996 126 39 dimanche
1973 996 17 39 11
2033 996 115 40 octobre.
2185 996 38 41 Les
2266 996 109 42 suivants

1319 1030 54 39 sont
1405 1030 87 40 prévus
1531 1030 57 40 pour
1624 1030 25 41 les
1688 1030 0 41 8
1729 1030 132 43 novembre
1903 1030 16 43 et
1954 1030 16 44 13
2008 1030 154 45 décembre.
2191 1030 23 46 La
2252 1030 45 46 liste
2339 1030 38 47 des

1320 1067 164 44 participants
1520 1067 62 44 n’est
1615 1066 39 45 pas
1690 1066 89 45 encore
1818 1065 92 46 connue

1321 1114 0 41 A
1362 1114 66 41 dater
1456 1115 21 40 du
1511 1115 0 41 4
1546 1115 100 41 octobre
1681 1115 72 41 1970,
1778 1116 133 41 l’Original
1937 1116 57 41 Band
2032 1117 20 40 de
2089 1117 121 41 Raymond
2250 1117 129 41 Fonseque

1320 1151 106 43 animera
1467 1151 28 44 les
1536 1151 119 44 matinées
1699 1151 138 44 dansantes
1881 1151 19 45 du
1944 1151 128 45 dimanche
2113 1151 154 46 après-midi
2301 1151 32 46 (16
2377 1151 6 46 à

1321 1187 16 40 19
1377 1188 104 41 heures)
1515 1189 15 41 au
1573 1189 95 43 Caveau
1711 1190 19 43 de
1767 1191 12 43 la
1816 1191 120 45 Huchette

1321 1298 64 46 Nous
1426 1298 75 46 avons
1542 1298 17 46 eu
1604 1298 160 46 récemment
1798 1298 10 46 la
1849 1299 65 45 visite
1955 1299 20 45 du
2016 1299 102 45 pianiste
2163 1299 129 45 américain
2336 1299 41 45 Bob

1322 1337 115 45 Greene.
1470 1337 10 45 Il
1509 1337 98 45 passait
1640 1337 36 45 ses
1719 1337 124 45 vacances
1883 1338 19 43 en
1945 1338 89 43 Europe
2076 1338 20 43 et
2129 1338 85 43 n’était
2247 1338 39 43 pas
2325 1338 56 43 venu

1320 1374 9 40 à
1362 1374 60 40 Paris
1461 1374 84 40 depuis
1584 1373 69 42 1956.
1686 1373 9 42 Il
1725 1373 0 42 a
1761 1373 54 42 joué
1848 1373 124 42 plusieurs
2011 1373 57 42 soirs
2107 1372 54 44 avec
2200 1372 27 44 les
2266 1372 111 44 Haricots

1323 1411 96 37 Rouges
1462 1411 64 37 ainsi
1561 1410 101 38 qu’avec
1705 1410 147 37 l’orchestre
1894 1410 96 37 d’lrakli
2028 1410 53 37 qu’il
2116 1409 155 37 affectionne
2313 1409 72 37 parti¬

1323 1444 177 44 culièrement.
1528 1444 11 44 Il
1563 1444 0 44 a
1601 1442 146 46 également
1775 1441 118 47 retrouvé
1921 1441 18 47 sa
1977 1440 70 48 vieille
2085 1439 52 49 amie
2175 1438 98 50 Martine
2311 1437 77 51 Morel

1322 1482 57 39 qu’il
1406 1481 91 41 n’avait
1527 1480 40 42 pas
1604 1479 33 44 vue
1678 1478 83 46 depuis
1802 1477 16 47 14
1855 1476 37 49 ans

1327 1525 41 37 Bob
1415 1525 94 37 Greene
1553 1525 35 38 est
1621 1525 11 38 le
1677 1525 108 38 meilleur
1824 1524 100 39 disciple
1968 1524 17 39 de
2029 1524 50 39 Jelly
2121 1524 52 40 Roll
2209 1524 91 40 Morton
2344 1524 38 40 que

1326 1564 56 35 nous
1422 1563 73 37 ayons
1538 1563 19 37 pu
1600 1563 116 38 entendre
1756 1562 169 40 jusqu’alors.
1959 1562 9 41 Il
2002 1562 61 41 s’est
2097 1561 145 43 passionné
2278 1561 59 44 pour
2370 1561 13 44 la

1322 1596 27 37 vie
1388 1596 19 37 et
1437 1596 11 37 la
1486 1596 110 38 musique
1637 1597 19 37 de
1694 1597 0 37 «
1732 1597 148 38 l’inventeur
1916 1598 19 37 du
1973 1598 82 37 jazz»
2091 1598 19 37 et
2143 1598 66 37 grâce
2250 1599 38 37 aux
2326 1599 61 37 rela¬

1324 1631 57 37 tions
1418 1631 117 38 amicales
1574 1632 54 37 qu’il
1655 1632 135 38 entretient
1821 1633 55 37 avec
1912 1633 8 37 la
1956 1633 68 38 sœur
2055 1634 19 37 de
2107 1634 71 37 Jelly,
2204 1634 7 37 il
2240 1634 0 37 a
2276 1635 21 37 pu
2331 1635 57 37 con¬

1325 1666 75 40 sulter
1429 1666 40 40 bon
1504 1667 97 40 nombre
1636 1667 20 41 de
1691 1667 129 42 partitions
1854 1668 136 42 originales

1324 1714 42 37 Bob
1406 1714 0 37 a
1442 1714 54 38 joué
1526 1714 54 38 avec
1616 1714 107 39 Bechet,
1751 1714 95 39 George
1883 1714 73 39 Lewis
1992 1714 17 40 et
2040 1714 146 40 enregistré
2217 1714 166 41 d’excellents

1326 1746 102 38 disques
1464 1746 19 39 en
1522 1746 147 40 compagnie
1708 1746 19 41 de
1765 1746 87 42 Sidney
1887 1746 19 43 de
1945 1746 77 44 Paris,
2048 1746 77 45 Jimmy
2163 1746 106 46 Archey,
2298 1746 86 47 Johnny

1326 1783 97 41 Wiggs,
1451 1783 82 42 Danny
1571 1784 104 42 Barker,
1700 1784 66 43 Zutty
1804 1784 145 44 Singleton,
1977 1785 28 44 etc

1328 1827 28 40 On
1398 1827 106 40 propose
1549 1827 185 39 actuellement
1771 1827 19 39 de
1835 1827 28 39 lui
1897 1827 123 38 accorder
2057 1827 36 38 une
2138 1827 149 38 subvention
2329 1827 59 37 pour

1327 1862 171 48 reconstituer
1530 1863 147 47 l’orchestre
1713 1863 20 47 de
1769 1864 49 46 Jelly
1857 1864 49 46 Roll
1936 1864 20 46 et
1985 1865 20 45 de
2044 1865 98 45 tourner
2175 1865 55 45 dans
2270 1866 49 44 tous
2355 1866 29 44 les

1328 1901 91 39 U.S.A.
1448 1901 27 39 Ce
1513 1901 62 39 n’est
1607 1900 89 40 encore
1737 1900 65 40 qu’un
1843 1900 79 40 projet
1955 1900 55 40 mais
2049 1899 79 41 d’ores
2166 1899 18 41 et
2216 1899 56 41 déjà
2305 1899 82 41 Danny

1324 1936 89 45 Barker
1452 1936 42 46 (g.)
1534 1936 16 46 et
1593 1937 88 44 Tommy
1724 1937 105 47 Benford
1874 1937 89 47 (dms),
1999 1937 59 47 deux
2100 1937 118 47 vétérans
2264 1938 17 44 de
2330 1938 52 41 chez

1324 1973 93 37 Morton
1453 1973 37 38 ont
1518 1973 137 38 accepté...
1680 1973 157 39 Souhaitons
1871 1973 36 39 que
1941 1973 17 39 ce
1991 1973 79 40 projet
2095 1973 48 40 voie
2176 1973 11 40 le
2218 1973 48 41 jour
2297 1973 17 41 et
2342 1973 39 41 que

1328 2003 55 46 nous
1424 2003 153 47 entendions
1618 2003 17 48 en
1679 2003 85 48 France
1805 2003 21 48 un
1867 2003 41 49 bon
1949 2003 129 50 orchestre
2122 2003 35 50 N.O

2099 2053 55 47 J.-P.
2187 2051 202 51 DAUBRESSE.

1327 2963 40 50 Bob
1407 2963 94 47 Greene
1537 2962 61 52 entre
1635 2962 68 49 lrakli
1732 2962 18 51 et
1779 2962 55 50 Bert
1863 2962 83 49 Louis,
1971 2961 18 49 au
2029 2961 148 48 Riverboat.

2351 3019 23 76 23

131 123 84 51 MORT
249 123 99 51 D’OTTO
396 123 162 51 HARWICKE

133 213 64 53 Nous
234 216 146 49 apprenons
421 215 11 49 la
470 214 59 50 mort
563 213 19 50 du
627 214 183 49 saxophoniste
855 218 48 43 Otto
948 220 165 41 Hardwicke,
1146 223 49 36 sur¬

128 261 73 37 venue
242 261 56 37 dans
336 261 35 37 une
412 261 99 36 clinique
551 261 21 36 de
610 261 165 36 Washington
813 261 7 36 à
851 261 10 36 la
899 261 56 36 suite
995 261 66 35 d’une
1099 261 87 35 longue

127 294 123 38 maladie.
281 294 0 38 «
322 293 94 40 Toby»
454 293 144 41 Hardwicke
639 293 56 42 était
727 293 25 42 né
786 293 57 43 dans
880 292 57 44 cette
977 292 73 45 même
1090 292 44 46 ville
1175 292 9 46 le

127 329 21 36 31
187 329 45 37 mai
268 329 54 37 1904
361 329 18 38 et
415 330 9 37 il
457 330 81 38 s’était
574 330 27 39 lié
634 330 112 40 d’amitié
782 330 36 40 dès
860 330 123 41 l’enfance
1025 331 54 41 avec
1121 331 63 42 Duke

128 359 114 44 Ellington
278 360 36 44 aux
347 360 69 44 côtés
448 361 95 44 duquel
569 362 10 43 il
605 362 144 43 demeurera
785 363 20 43 de
844 363 49 43 1918
929 364 10 42 à
968 364 52 42 1945
1056 364 56 43 avec
1148 365 36 42 une

132 398 63 38 seule
237 398 163 39 interruption
442 399 60 39 entre
547 399 54 40 1928
643 399 18 41 et
697 399 72 41 1932,
802 399 117 43 lorsqu’il
953 400 45 42 vint
1034 400 18 43 en
1097 400 90 44 Europe

129 435 54 39 avec
225 435 93 40 Nobble
360 435 76 40 Sissle
478 435 18 41 et
532 435 21 41 fit
589 435 69 41 partie
700 435 18 42 de
760 435 147 43 l’orchestre
953 435 18 43 de
1013 435 48 43 Fats
1103 435 90 44 Waller

131 469 59 39 (solo
224 469 53 40 dans
311 470 0 39 I
336 470 62 39 Need
431 470 127 40 Someone
591 470 48 40 Like
678 471 68 40 You).
768 471 20 40 En
824 471 51 41 1945
911 471 9 41 il
945 471 149 42 abandonna
1127 472 62 41 toute

130 506 102 36 activité
268 506 117 38 musicale
427 507 57 38 pour
523 507 102 39 devenir
665 507 96 41 fermier
800 507 57 42 dans
902 507 9 42 le
956 508 144 43 Maryland.
1136 508 51 44 Otto

131 541 146 40 Hardwicke
314 542 28 39 fut
370 542 19 39 un
426 542 104 40 premier
560 543 37 39 alto
636 543 177 40 exemplaire;
844 544 8 39 il
878 544 101 40 apporta
1012 544 9 40 à
1049 544 11 40 la
1094 545 95 40 section

131 582 36 37 des
208 582 167 38 saxophones
413 582 19 38 un
473 582 121 38 moelleux
632 582 162 39 contrastant
829 582 200 40 agréableemnt
1065 582 55 40 avec
1161 582 27 40 les

128 617 127 35 rugosités
293 617 38 35 des
367 617 94 36 cuivres
499 617 0 36 «
537 617 73 36 jungle
651 617 18 36 ».
697 617 10 36 Il
735 617 55 36 était
823 617 71 36 aussi
925 617 18 37 un
983 617 82 37 soliste
1103 617 91 37 parfai¬

129 652 93 39 tement
254 652 107 39 original
393 652 56 38 doté
484 652 64 38 d’une
588 652 118 38 sonorité
738 652 120 38 exquise.
890 652 77 38 Aussi
999 652 67 37 est-il
1098 652 94 37 regret¬

131 682 56 48 table
226 683 114 46 qu’après
376 683 10 43 la
426 683 72 43 venue
537 684 19 40 de
596 684 101 48 Hodges
733 685 56 46 dans
828 685 164 44 l’orchestre,
1021 686 20 40 on
1080 686 20 39 ne
1139 687 59 37 l’en¬

128 724 69 34 tende
237 724 46 34 plus
323 724 40 34 que
400 724 44 35 très
484 724 126 35 rarement
642 724 17 35 en
701 724 47 35 solo
790 724 49 35 (The
881 724 69 36 Sheik
992 724 28 36 Of
1054 724 74 36 Araby
1168 724 0 36 —

128 756 96 39 version
266 756 70 39 1932,
367 756 96 40 version
505 757 112 39 originale
659 757 20 39 de
721 757 191 39 Sophisticated
954 758 59 39 Lady
1052 758 56 39 dont
1145 758 50 39 cer¬

131 795 56 39 tains
224 795 155 39 prétendent
411 795 57 39 qu’il
497 795 35 39 est
564 795 241 39 co-compositeur,
837 795 75 39 Swing
954 795 38 39 Pan
1035 795 61 39 Alley
1133 795 57 39 avec

133 827 83 37 Cootie
251 827 144 38 Williams).
422 828 40 37 Ses
497 828 182 38 interventions
713 829 27 37 les
775 829 45 37 plus
855 829 139 37 justement
1021 830 115 37 célèbres
1170 830 0 37 —

129 864 10 39 à
164 864 78 40 l’alto,
267 864 19 40 au
321 865 107 40 soprano
465 865 19 40 et
512 865 76 41 même
622 865 19 41 au
679 866 97 41 baryton
814 866 0 41 —
867 866 57 42 sont
952 866 72 43 celles
1062 867 19 42 de
1121 867 66 43 Black

134 897 0 46 &
181 897 31 46 Tan
256 898 119 44 Fantasy,
413 899 154 43 Birmengham
620 900 173 41 Breakdown,
830 901 35 39 The
912 901 126 38 Creeper,
1072 902 123 37 Immigra¬

131 933 41 49 tion
210 933 86 49 Blues,
326 933 71 49 Doin'
431 933 34 49 The
502 933 71 49 Frog,
600 933 90 49 Jubilee
727 933 79 49 Stomp
847 933 19 49 et
896 933 45 49 Got
974 933 143 49 Everything
1158 933 41 49 But

139 987 0 20 Y
156 987 38 20 ou.
224 987 185 21 Compositeur
442 987 20 22 de
501 987 44 22 hop
585 987 80 23 head,
696 987 42 23 hai
751 987 89 23 dwicke
880 987 55 24 etait
968 987 226 25 co-compositeur

134 1007 18 44 de
190 1007 72 44 Down
300 1007 9 44 In
350 1007 47 45 Our
432 1007 60 45 Alley
529 1007 88 45 Blues,
645 1007 117 45 morceau
799 1008 38 44 qui
868 1008 82 45 reflète
991 1008 44 45 fort
1066 1008 47 45 bien
1154 1008 35 45 ses

132 1044 189 44 conceptions.

131 1160 19 46 Le
185 1160 111 45 Festival
321 1160 95 43 d’Arles

134 1204 47 51 Plus
228 1204 18 48 de
290 1205 0 45 3
318 1205 33 44 000
398 1205 162 52 spectateurs
607 1206 36 50 ont
683 1206 94 51 assisté
816 1207 18 50 au
885 1207 11 48 7e
935 1207 112 47 Festival
1083 1208 18 51 de
1148 1208 47 53 Jazz

134 1247 110 36 d’Arles.
281 1247 29 37 On
356 1248 0 36 a
399 1248 20 37 pu
465 1248 118 38 entendre
626 1248 146 40 l’excellent
812 1249 127 41 orchestre
988 1249 17 41 de
1054 1250 146 42 Bigeardel.

132 1282 85 37 Jouant
246 1282 57 38 dans
337 1283 19 37 un
393 1283 75 38 esprit
497 1283 118 38 moderne
650 1283 8 38 il
684 1284 30 38 fut
740 1284 43 38 très
821 1284 133 39 apprécié.
981 1284 61 39 Dans
1080 1285 18 39 un
1136 1285 53 39 style

134 1322 104 37 original
265 1322 48 37 Guy
345 1322 91 38 Labory
471 1322 88 38 surprit
588 1322 209 38 agréablement.
823 1322 19 38 Le
877 1322 43 38 free
957 1322 56 39 était
1040 1322 155 39 représenté

134 1354 38 39 par
199 1354 149 39 Ardonceau
380 1355 19 39 et
423 1355 38 39 son
493 1355 69 39 swing
594 1356 169 38 Laboratory,
784 1356 131 38 orchestre
947 1357 38 38 qui
1006 1357 70 38 retint
1102 1358 97 37 l’atten¬

133 1386 40 37 tion
212 1387 18 37 du
269 1387 94 38 public.
392 1388 18 37 Le
449 1388 120 38 quartette
611 1389 18 37 de
668 1390 81 37 Roger
780 1390 115 38 Menillo,
923 1391 50 38 bien
1012 1392 94 37 soudé,
1137 1393 55 37 plein

137 1423 17 46 de
195 1423 71 46 swing
307 1424 86 45 séduit
427 1424 181 45 l’assistance.
642 1424 58 45 Mais
737 1425 11 44 la
789 1425 133 44 révélation
966 1425 21 44 du
1027 1426 110 43 Festival
1171 1426 31 43 fut

136 1455 9 40 la
179 1455 135 42 prestation
352 1457 19 41 du
405 1457 76 42 Grand
518 1458 135 42 Orchestre
688 1460 134 42 d’Edmond
863 1461 85 42 Tober.
973 1462 38 42 Par
1042 1463 16 42 sa
1095 1463 107 43 fougue,

129 1495 15 37 la
186 1495 51 38 mise
279 1495 18 38 en
339 1495 64 39 place
442 1496 39 39 des
520 1496 129 40 sections,
679 1496 9 41 la
730 1496 81 42 valeur
847 1496 18 42 de
907 1496 37 43 ses
983 1497 120 43 solistes,
1133 1497 57 44 cette

133 1529 129 41 formation
295 1530 99 41 termina
427 1530 18 42 en
479 1531 141 43 apothéose
656 1531 15 43 ce
707 1532 112 44 festival.

135 1592 16 39 2e
179 1592 109 40 Festival
316 1593 192 41 d’avant-garde
543 1595 19 39 de
598 1595 63 40 Gand

138 1636 18 43 Le
189 1637 111 43 Festival
324 1638 18 42 se
375 1638 130 43 déroulera
538 1639 9 43 le
586 1640 15 42 18
634 1640 99 43 octobre
769 1641 9 42 à
802 1642 69 42 partir
901 1642 18 42 de
959 1643 15 42 14
1007 1643 105 42 heures,
1139 1644 57 42 dans

134 1673 9 41 le
180 1673 102 43 château
318 1675 19 41 de
374 1675 196 44 Gravensteen,
598 1677 55 42 dans
687 1678 12 42 le
733 1678 80 43 centre
850 1679 18 43 de
908 1680 80 43 Gand.
1019 1680 58 44 Sont
1108 1681 86 44 prévus

135 1714 19 37 au
190 1714 156 38 programme
383 1715 0 37 :
409 1715 49 37 John
495 1715 117 38 Surman,
638 1716 112 37 Gunther
781 1716 118 38 Hampel,
925 1717 49 37 John
1013 1717 104 38 Tchicai,
1146 1718 55 37 Clif¬

137 1748 43 41 ford
223 1749 133 41 Thornton,
383 1750 74 41 Pierre
494 1750 68 42 Favre
596 1751 18 42 et
645 1751 62 43 lrène
743 1752 170 44 Schweitzer,
943 1753 68 44 Frend
1048 1754 37 44 van
1125 1755 77 44 Hove,

137 1783 72 41 Pierre
247 1784 141 41 Courbois,
413 1785 9 40 le
459 1785 130 42 jazzgroup
626 1786 17 41 de
681 1787 109 41 Prague,
816 1788 29 41 etc

141 1846 97 42 Annecy
271 1847 47 42 Jazz
356 1848 80 42 Action
474 1849 154 43 présente:

138 1891 6 43 le
183 1894 128 40 mercredi
343 1893 13 41 14
395 1891 99 44 octobre
533 1890 6 45 à
568 1889 22 46 21
623 1889 0 46 h
661 1898 16 37 au
722 1899 93 36 Théâtre
854 1899 170 37 Municipal:
1056 1899 148 37 MAGMA:

136 1931 9 41 le
184 1931 18 42 30
241 1932 99 42 octobre
379 1932 9 42 à
418 1932 18 42 21
472 1933 0 42 h
511 1933 18 42 au
571 1933 93 43 Théâtre
704 1934 141 43 Municipal
875 1934 0 44 :
905 1935 39 43 JOE
989 1935 108 44 TURNER
1139 1936 54 44 avec

136 1964 32 52 Jay
204 1965 47 49 Mac
287 1966 98 46 Shann,
414 1967 94 50 piano;
537 1968 25 44 G.
591 1969 79 52 Kelly,
695 1970 65 51 ténor
793 1971 61 50 sax;
883 1972 80 49 Hayes
999 1973 75 48 Alvis,
1103 1974 101 47 basse;

137 2007 58 38 Paul
225 2007 124 40 Gunther,
376 2007 76 42 drums

142 2046 84 39 Centre
263 2047 112 39 Culturel
403 2047 155 40 Américain,
583 2048 19 39 3,
628 2048 31 39 rue
695 2049 20 39 du
749 2049 95 40 Dragon
881 2049 0 40 -
909 2050 16 39 6e
956 2050 0 39 :
984 2050 9 40 le
1029 2050 68 40 9/10,
1125 2051 73 40 Pierre

138 2083 67 39 Favre
247 2084 128 41 Quartet;
407 2085 10 40 le
458 2085 87 42 30/10,
577 2086 48 42 Mal
657 2086 112 45 Waldron
811 2087 118 46 Quartet,
961 2088 7 46 à
1000 2089 19 45 20
1061 2089 0 46 h
1102 2089 93 48 (Entrée

140 2118 130 44 gratuite).

138 2232 19 45 ...
183 2230 22 47 EN
250 2226 67 51 VRAC

138 2326 24 35 Au
203 2326 69 36 cours
310 2326 18 36 de
368 2326 48 36 leur
449 2326 115 37 prochain
606 2326 83 37 séjour
721 2326 19 37 en
783 2326 104 38 France,
917 2326 42 38 Sun
999 2326 33 38 Râ
1061 2326 19 39 et
1114 2326 91 39 l’Inter¬

139 2358 102 44 galactic
282 2357 126 46 Research
449 2357 112 46 Arkestra
602 2357 17 46 se
660 2357 147 46 produiront
841 2357 17 46 en
902 2356 102 48 concert
1038 2356 21 48 au
1103 2356 92 48 Théâtre

138 2393 38 39 des
212 2393 144 41 Amandiers
375 2393 106 42 (Maison
517 2394 19 42 de
571 2394 10 42 la
616 2394 93 43 Culture
745 2394 19 44 de
799 2394 119 45 Nanterre
953 2395 48 45 (60,
1024 2395 32 46 rue
1094 2395 113 47 Greuze)

138 2430 10 37 le
188 2430 0 37 9
229 2430 98 38 octobre
368 2431 8 38 à
410 2431 16 38 20
466 2432 0 37 h
506 2432 19 38 30
565 2432 19 38 au
629 2432 94 39 Théâtre
763 2433 19 38 de
822 2433 11 39 la
875 2433 51 39 Cité
961 2434 18 39 de
1022 2434 174 40 Villeurbanne

135 2467 69 40 (251,
233 2467 69 41 cours
341 2467 65 42 Emile
446 2467 68 43 Zola)
547 2467 10 43 le
596 2467 66 44 lundi
694 2467 17 45 12
750 2467 102 46 octobre
888 2467 9 46 à
930 2467 16 47 20
986 2467 0 47 h
1028 2467 17 48 30

137 2506 18 44 Le
197 2506 45 44 Hot
275 2507 55 43 Club
372 2508 18 42 de
432 2508 54 42 Lyon
528 2509 111 41 annonce
682 2510 87 40 d’autre
808 2510 51 40 part
895 2511 9 39 la
943 2511 75 39 venue
1061 2512 6 38 à
1103 2512 99 38 Villeur¬

139 2545 74 42 banne
247 2545 18 42 du
299 2545 40 42 Ray
373 2545 102 43 Charles
509 2546 58 42 Show
613 2546 49 42 1970
696 2546 9 42 le
739 2546 77 42 mardi
841 2546 15 42 20
890 2546 98 43 octobre
1019 2547 9 42 à
1053 2547 15 42 20
1102 2547 0 42 h
1136 2547 19 42 30
1185 2547 19 42 et

138 2580 21 46 du
198 2580 121 45 quartette
358 2580 21 40 de
418 2580 92 49 Charlie
553 2580 95 49 Mingus
687 2580 7 49 le
737 2580 64 49 lundi
833 2580 17 49 26
889 2580 100 49 octobre
1031 2580 7 49 à
1070 2580 18 49 20
1131 2580 0 49 h
1170 2580 32 49 30,

139 2614 18 40 La
193 2614 54 41 cave
283 2615 18 40 du
337 2615 42 41 Hot
409 2615 54 42 Club
499 2616 30 41 (4,
556 2616 30 42 rue
625 2616 18 42 de
680 2617 177 43 l’Arbre-Sec,
884 2618 57 43 Lyon
977 2618 39 43 (2e)
1046 2618 150 45 accueillera

138 2652 19 39 de
198 2652 36 39 son
275 2653 55 39 côté
362 2653 9 39 le
412 2654 117 39 quartette
570 2654 20 39 de
628 2655 68 38 Frank
737 2655 93 39 Wright
863 2656 55 38 dans
956 2657 11 37 la
1005 2657 121 38 première
1164 2658 39 37 se¬

139 2691 74 36 maine
257 2691 19 36 de
320 2692 131 37 novembre
495 2692 19 37 et
550 2693 41 37 Bill
624 2693 137 38 Coleman,
794 2693 8 39 à
838 2694 8 38 la
890 2694 19 39 fin
953 2694 19 39 du
1016 2694 71 40 même
1131 2695 58 40 mois

138 2732 19 39 Le
196 2732 186 41 saxophoniste
420 2734 85 39 Urbain
546 2735 72 39 Tonon
656 2735 69 40 dirige
763 2736 19 39 un
821 2737 68 39 grand
930 2737 126 40 orchestre
1098 2738 19 39 de
1158 2739 41 39 jazz

138 2769 9 41 à
179 2769 174 47 Strasbourg.
388 2770 10 45 Il
430 2770 38 45 fait
504 2771 74 43 appel
613 2771 35 43 aux
690 2772 151 42 arrangeurs
883 2773 57 40 pour
979 2773 103 39 enrichir
1120 2774 10 37 le
1172 2774 32 37 ré¬

138 2806 104 41 pertoire
287 2807 20 40 de
349 2807 16 40 sa
410 2807 129 41 formation
584 2808 56 41 dans
685 2809 93 41 l’esprit
817 2809 37 41 des
899 2810 106 41 grandes
1050 2810 146 42 formations

136 2843 169 40 américaines
341 2843 51 41 (35,
420 2843 30 41 rue
489 2843 169 42 d’Ostwald).

137 2885 19 40 Le
199 2885 183 48 saxophoniste
425 2886 65 47 ténor
526 2886 98 47 Booker
657 2887 62 46 Ervin
758 2887 36 46 est
827 2888 102 45 décédé
961 2888 7 45 à
1001 2888 42 45 New
1095 2889 50 44 York
1187 2889 7 44 le

138 2921 20 45 31
198 2921 67 45 août,
295 2921 10 45 à
335 2921 10 45 la
385 2921 57 45 suite
485 2921 64 45 d’une
592 2921 127 45 opération
763 2922 36 44 aux
836 2922 77 44 reins.
946 2922 64 44 Nous
1050 2922 147 44 publierons

138 2954 38 55 une
213 2955 68 54 étude
322 2956 34 53 sur
389 2956 101 52 Bcoker
524 2958 56 50 Ervin
622 2959 56 49 dans
715 2960 64 48 notre
820 2961 113 47 prochain
974 2962 113 45 numéro.
