2480 3174
97 123 83 71 D'UN
253 124 94 65 CLUB
410 124 15 67 à
474 124 166 71 l’AUTRE

95 220 82 39 Comme
211 220 22 39 les
264 221 79 38 années
374 221 160 39 précédentes,
556 221 107 39 plusieurs
691 222 93 38 change¬

95 248 63 39 ments
191 249 17 39 ne
243 249 143 39 manqueront
416 250 30 39 pas
482 251 113 38 d’étonner
625 252 25 37 les
683 252 96 38 habitués

95 275 32 35 des
161 275 54 36 clubs
252 276 118 37 parisiens,
399 276 16 37 au
450 277 64 37 début
543 277 16 38 de
596 277 49 39 cette
682 278 93 39 nouvelle

94 303 86 35 saison.
208 303 76 36 Primo,
315 304 7 35 la
358 304 178 35 quasi-certitude
574 304 15 35 de
624 305 8 35 la
668 305 109 35 fermeture

93 342 16 26 de
147 342 0 26 l
165 342 69 26 Apollo
270 342 93 26 (ex-Blue
400 342 61 26 Note)
491 342 33 26 qui
553 342 65 26 n’aura
654 342 126 26 fonctionné

96 356 30 33 que
159 356 103 34 quelques
292 357 73 34 mois;
388 357 47 34 nous
468 358 14 33 ne
515 358 145 34 connaissons
693 359 30 34 pas
754 359 30 34 en¬

96 386 41 38 core
169 385 24 39 les
222 385 79 39 raisons
334 384 14 40 de
381 384 9 40 la
419 384 29 40 non
481 383 132 41 réouverture
645 383 15 41 de
689 382 18 42 ce
736 382 38 42 club

94 412 15 37 en
139 412 135 37 septembre.
299 412 36 37 Une
368 412 63 37 bonne
462 412 111 37 nouvelle,
596 412 31 37 par
652 412 84 37 contre,
759 412 15 37 du

96 439 46 37 côté
167 439 16 37 de
216 439 111 36 l’Ecusson
358 439 23 35 où
406 439 53 35 Mezz
490 439 94 35 Mezzrow
619 439 36 34 fait
680 439 16 34 un
726 439 58 33 éton¬

94 467 43 33 nant
163 467 61 33 Come
255 467 72 34 Back!
353 467 109 34 Quelques
491 467 173 35 augmentations
695 467 15 35 de
743 467 34 35 prix

94 493 6 37 à
126 493 59 37 droite
220 493 16 37 et
263 493 8 38 à
295 493 94 38 gauche,
413 493 48 38 mais
493 493 53 38 cela,
573 493 46 39 nous
653 493 0 39 y
685 493 91 39 sommes

94 520 120 37 habitués!
239 520 16 37 Le
287 520 56 37 grand
375 520 107 37 orchestre
511 520 75 37 d’Yvan
616 520 69 37 Jullien
715 520 16 37 en
763 520 16 37 un

94 544 82 37 endroit
215 544 117 38 inhabituel
371 544 46 38 pour
456 544 22 38 les
519 544 104 39 amateurs
664 544 16 39 de
721 544 63 39 Jazz!

96 573 106 37 Quelques
236 573 73 37 petites
342 573 107 37 glissades
482 573 41 37 vers
554 573 10 37 la
597 573 0 37 «
625 573 122 37 Pop-Music
780 573 0 37 »

92 597 153 43 (expériences
274 597 30 43 non
336 597 91 43 dénuées
457 597 126 43 d’intérêts,
604 597 47 43 dans
677 597 27 43 les
730 597 47 43 deux

97 625 43 38 sens
166 625 8 38 !)
203 625 17 38 au
261 625 49 38 Trois
347 624 92 40 Mailletz
473 624 113 40 (Magma),
617 624 15 40 au
672 624 49 40 Chat
752 624 32 40 qui

94 652 63 37 Pêche
188 652 66 37 (Total
279 652 79 37 lssue),
381 652 15 37 au
429 652 56 37 Gill’s
515 652 41 37 (The
589 652 119 37 Crucible).
734 652 50 37 L’in¬

94 677 94 37 croyable
219 677 172 37 remplacement
414 677 16 37 de
461 677 29 38 Art
513 677 104 38 Simmons
648 677 29 38 par
703 677 78 38 Michel

94 703 91 39 Sardaby
220 704 16 37 au
273 704 64 37 Living
375 705 85 35 Room!
490 705 66 35 Enfin,
586 706 24 33 les
645 706 139 33 transforma¬

95 731 52 39 tions
172 731 124 39 annoncées
328 731 6 39 le
365 731 47 39 mois
443 731 75 39 passé,
541 731 15 39 au
587 731 116 39 Riverboat
726 731 14 39 et
763 731 17 39 au

95 758 60 42 Gill’s
190 758 44 42 Club
259 758 0 42 !
287 758 16 42 Le
337 758 88 42 premier
457 758 97 42 présente
586 758 135 42 maintenant
749 758 32 42 des

96 784 122 35 orchestres
248 784 112 35 modernes
390 784 15 35 en
436 784 91 36 semaine
558 784 15 36 et
599 784 0 36 a
629 784 86 37 quelque
748 784 31 37 peu

94 812 35 36 fait
161 812 45 36 peau
247 812 61 36 neuve
346 812 29 36 sur
410 812 8 36 le
455 812 40 37 plan
533 812 32 37 des
602 812 177 37 aménagements

94 839 135 36 intérieurs;
259 839 8 36 le
303 840 77 36 second
416 840 123 37 présentera
575 840 16 38 en
627 841 82 37 octobre
745 841 33 38 une

96 864 94 40 nouvelle
222 864 47 40 salle
301 864 15 40 en
348 864 194 40 rez-de-chaussée
575 864 23 40 où
622 864 23 40 les
674 864 103 40 amateurs

98 892 99 37 pourront
221 892 88 37 écouter
337 892 24 36 les
394 892 107 36 dernières
534 892 132 36 nouveautés
699 892 14 35 du
749 892 35 35 dis¬

97 920 48 39 que,
168 919 39 40 tout
232 919 14 40 en
277 919 17 39 se
325 918 121 40 restaurant
468 918 9 40 à
499 917 34 41 bon
561 917 96 41 marché,
679 916 59 41 avant
764 916 17 41 ou

96 946 56 36 après
183 946 55 36 avoir
266 946 76 36 écouté
370 946 23 36 les
426 946 122 37 orchestres
579 946 15 37 de
627 946 7 37 la
668 946 60 37 cave.

98 983 123 40 Septembre
259 984 5 40 à
293 984 86 41 Paris...
408 985 20 40 Au
462 985 52 41 Chat
543 986 32 41 qui
606 986 60 42 Pêche
704 987 8 41 le
750 987 28 42 trio

96 1017 122 37 Arvanitas,
248 1017 41 36 puis
330 1017 53 35 Total
411 1017 56 35 Issue
502 1017 107 34 composé
642 1017 68 33 d’Aldo
748 1017 36 32 Ro¬

96 1043 68 37 mano,
205 1043 63 37 Henri
312 1043 78 37 Texier,
434 1043 94 37 Georges
576 1043 114 37 Locatelli,
731 1043 55 37 Jean¬

96 1068 62 41 Pierre
192 1068 93 41 Husier;
310 1068 8 41 à
341 1068 118 41 mi-chemin
490 1068 17 41 de
538 1068 8 41 la
580 1068 31 41 Pop
644 1068 15 41 et
684 1068 17 41 du
732 1068 52 41 Jazz,

97 1095 15 37 un
145 1095 73 37 groupe
249 1095 31 37 qui
305 1095 82 37 devrait
409 1095 116 38 s’affirmer
550 1095 36 38 très
617 1095 31 38 vite
679 1095 9 38 à
710 1095 51 38 Paris

96 1123 76 37 Magma
213 1123 15 37 au
271 1123 48 37 Trois
358 1123 114 37 Mailletz!
505 1123 38 37 Qui
576 1123 48 37 l’eût
657 1123 48 37 cru!
738 1123 46 37 l’or¬

95 1165 80 19 chestre
213 1165 16 19 de
268 1165 102 19 Christian
409 1165 79 19 vander
520 1165 0 19 a
557 1165 34 19 lait
619 1165 72 19 depuis
728 1165 55 19 lOn9¬

98 1176 63 40 temps
191 1175 135 41 l’unanimité
350 1175 57 41 grâce
438 1175 30 41 aux
498 1175 75 41 talents
603 1174 30 42 des
663 1174 117 42 musiciens

97 1204 32 37 qui
153 1204 9 37 le
191 1203 141 38 composent.
362 1203 26 38 The
418 1203 112 38 Crucible,
553 1203 9 38 le
595 1202 61 39 moins
686 1202 32 39 bon
751 1202 29 39 des

96 1229 44 35 trois
177 1229 104 36 groupes,
312 1229 47 36 dans
396 1229 15 36 un
448 1230 47 36 style
531 1230 117 36 Pop-Free,
677 1230 16 37 ne
729 1230 55 37 s’est

99 1257 29 39 pas
160 1257 72 38 encore
267 1257 83 37 imposé
380 1257 8 36 le
417 1257 86 36 samedi
529 1257 14 35 au
578 1257 56 35 Gill’s
666 1257 64 34 Club,
754 1257 30 33 par

95 1285 84 32 manque
216 1285 16 32 de
268 1285 150 32 répétitions;
445 1285 16 33 on
496 1285 0 33 a
532 1285 16 33 pu
584 1285 0 33 y
616 1285 123 33 remarquer
771 1285 7 33 le

99 1310 34 42 très
168 1310 31 42 bon
234 1309 75 43 flûtiste
343 1309 79 43 Michel
450 1309 82 43 Edelin,
560 1309 31 43 qui
620 1308 78 44 excelle
733 1308 47 44 dans

99 1336 30 37 ses
162 1336 96 38 numéros
291 1336 8 38 à
324 1336 8 39 la
365 1336 38 39 Kirk

97 1375 19 42 En
147 1375 108 42 semaine,
279 1375 9 41 le
319 1375 80 41 quintet
427 1375 16 41 de
476 1375 59 41 Steve
566 1375 46 41 Lacy
643 1375 145 40 (programmé

100 1403 14 37 au
151 1403 81 38 dernier
263 1403 92 39 moment
387 1403 14 39 en
439 1403 172 41 remplacement
640 1403 17 41 de
694 1403 86 42 Charles

103 1431 94 37 Tolliver)
229 1431 70 38 devait
332 1432 44 37 faire
417 1432 29 38 une
484 1432 36 38 très
558 1432 47 39 forte
643 1433 126 39 impression

99 1458 58 35 Après
190 1458 56 35 avoir
276 1459 87 35 exploré
391 1459 18 35 de
442 1459 55 35 façon
530 1459 122 36 magistrale
688 1460 23 35 les
744 1460 40 35 uni¬

99 1486 40 37 vers
178 1486 14 37 de
231 1485 62 38 Cecil
327 1485 78 38 Taylcr,
436 1485 56 38 Monk
529 1485 17 38 et
577 1484 118 39 Ellington,
726 1484 56 39 Steve

96 1512 45 39 nous
171 1512 88 39 propose
288 1512 134 39 maintenant
444 1512 13 39 sa
486 1512 123 39 musique:
631 1512 29 39 une
687 1512 91 39 musique

99 1539 152 39 parfaitement
276 1539 102 38 originale
406 1539 17 38 et
448 1539 87 38 presque
566 1539 93 38 toujours
690 1539 98 37 passion¬

97 1565 70 35 nante.
198 1565 76 36 Jerôme
316 1565 85 37 Cooper
434 1565 37 38 mal
505 1565 8 38 à
544 1565 56 39 l’aise
639 1565 9 40 la
687 1565 93 41 semaine

97 1594 129 40 précédente
260 1593 14 40 au
308 1593 123 40 Riverboat,
456 1593 17 39 au
504 1593 39 39 sein
577 1593 17 39 du
624 1592 28 40 trio
686 1592 98 39 Kessler.

99 1620 99 37 s’intégra
233 1619 154 38 parfaitement
417 1619 38 38 bien
494 1619 46 38 dans
573 1619 14 38 ce
623 1618 82 39 quintet
732 1618 52 39 com¬

100 1645 53 42 posé
185 1645 15 42 de
238 1645 50 42 Kent
320 1645 71 41 Carter
423 1645 97 41 (basse),
552 1645 106 41 Ambroise
696 1645 85 40 Jacksor

99 1673 141 35 (trompette),
278 1673 51 36 lrene
371 1673 51 36 Aebi
457 1673 155 37 (violoncelle,
644 1673 80 37 vocal).
759 1673 24 37 On

96 1701 111 35 comprend
240 1701 33 35 dès
304 1701 35 35 lors
372 1701 31 35 que
436 1701 10 36 le
479 1701 56 36 Gill’s
568 1701 23 36 fut
618 1701 36 36 pris
684 1701 99 37 d’assaut

100 1724 40 35 tous
177 1724 25 36 les
239 1724 49 37 soirs
325 1724 31 37 par
390 1724 15 38 un
442 1724 99 39 auditoire
581 1724 34 40 très
651 1724 90 41 réceptif
772 1724 12 41 et

98 1752 51 41 ravi.
178 1752 17 41 Le
233 1752 28 41 trio
299 1752 17 41 de
353 1752 81 41 Michel
465 1752 81 41 Roques
583 1752 69 41 devait
684 1752 54 41 jouer
773 1752 8 41 la

97 1779 94 37 semaine
225 1779 94 37 suivante
354 1779 16 37 et
396 1779 27 37 fut
450 1779 77 37 comme
562 1779 120 37 d’habitude
717 1779 70 37 excel¬

98 1805 61 37 lent;
182 1805 8 37 il
213 1805 32 37 est
268 1804 34 37 fort
328 1804 97 37 probable
456 1804 31 37 que
519 1804 8 37 le
555 1804 29 37 trio
615 1803 13 37 se
657 1803 126 37 transforme

98 1832 36 35 très
170 1831 181 37 prochainement
381 1831 15 37 en
435 1831 100 38 quartet;
565 1831 15 38 en
616 1830 61 40 effet,
707 1830 75 40 Patrice

100 1858 93 35 Caratini
227 1858 0 35 y
263 1858 84 36 prendra
384 1858 8 36 la
431 1858 54 37 place
524 1858 14 37 de
577 1858 76 38 Benoit
687 1858 99 39 Charvet.

99 1885 71 35 lequel
198 1885 40 35 doit
269 1885 48 36 tenir
347 1885 10 36 le
390 1885 130 36 violoncelle
555 1885 48 36 dans
636 1885 16 37 ce
687 1885 91 37 nouveau

99 1911 89 35 quartet.
224 1911 17 35 Le
282 1912 28 34 trio
351 1912 17 34 de
409 1912 104 34 Siegfried
556 1912 87 34 Kessler
679 1913 0 33 -
715 1913 70 33 Didier

99 1939 93 37 Levallet
225 1938 87 38 (basse)
345 1938 0 38 -
378 1938 74 38 Jérôme
493 1938 85 38 Cooper
611 1937 90 39 (drums)
734 1937 52 39 s’est

100 1966 80 34 produit
207 1966 41 35 tout
273 1966 11 35 le
314 1966 50 36 mois
394 1966 16 36 de
443 1966 121 38 septembre
597 1966 14 38 en
644 1966 90 39 semaine
767 1966 14 40 au

98 1989 124 42 Riverboat.
247 1990 107 40 L’entente
386 1990 201 39 Kessler-Levallet
613 1991 87 37 devient
726 1992 63 35 admi¬

99 2019 50 35 rable
180 2019 15 35 et
221 2019 49 35 nous
301 2019 111 35 attendons
443 2019 46 35 avec
520 2019 128 35 impatience
679 2019 7 35 le
717 2019 68 35 retour

100 2043 13 39 du
145 2043 80 39 batteur
249 2043 43 39 Jean
321 2043 24 38 My
380 2043 69 38 Truong
479 2043 16 38 et
519 2043 16 38 du
564 2043 155 38 saxophoniste
751 2043 35 37 Jeff

100 2073 93 39 Saeffer,
217 2073 46 39 pour
287 2073 8 39 à
316 2073 94 39 nouveau
436 2073 99 39 entendre
565 2073 16 39 ce
610 2073 80 39 quartet
714 2073 73 39 révélé

100 2098 8 37 la
140 2098 70 39 saison
241 2099 76 41 passée

100 2137 49 40 Pour
177 2137 99 40 octobre,
300 2137 102 39 quelques
435 2137 143 39 programmes
611 2137 13 39 de
657 2137 55 38 choix
743 2137 46 38 mal¬

99 2167 34 38 gré
164 2167 109 38 l’absence
310 2167 15 38 de
364 2167 105 38 l’Apollo,
497 2168 39 36 tant
567 2168 13 36 au
620 2168 114 36 Riverboat
765 2168 24 36 où

99 2193 120 39 Jean-Louis
254 2193 131 39 Chautemps
420 2194 16 38 et
466 2194 91 38 Philippe
589 2194 67 38 Maté,
682 2195 48 37 deux
763 2195 24 37 té¬

99 2223 43 35 nors
176 2223 31 35 que
243 2223 46 35 nous
322 2223 17 35 ne
375 2223 94 35 pouvons
503 2223 219 35 malheureusement
751 2223 31 35 pas

103 2248 95 42 entendre
229 2248 93 40 souvent
350 2248 15 39 en
396 2248 67 38 direct
489 2248 5 37 à
520 2248 67 36 Paris,
612 2248 113 35 devraient
748 2248 43 34 atti¬

103 2274 25 39 rer
154 2274 23 39 les
209 2273 104 40 amateurs
342 2273 17 40 de
388 2273 52 40 jazz,
466 2273 54 40 qu’au
552 2273 58 40 Gill’s
638 2272 46 41 Club
713 2272 26 41 où
762 2272 23 41 les

102 2299 102 42 pianistes
252 2299 127 42 américains
427 2299 81 42 Freddie
559 2299 48 42 Redd
659 2299 15 42 et
713 2299 72 42 Burton

101 2329 94 33 Greene,
231 2329 113 34 devraient
382 2329 92 34 imposer
515 2329 39 34 leur
592 2329 111 35 musique,
739 2329 43 35 sans

103 2354 93 38 compter
227 2354 9 38 le
270 2353 49 40 Chat
347 2353 31 40 qui
406 2353 64 41 Pêche
504 2353 16 41 et
547 2353 25 41 les
603 2352 108 43 surprises
742 2352 49 44 qu’il

101 2382 45 47 peut
172 2382 48 45 nous
249 2382 100 44 réserver

317 2419 87 47 Laurent
427 2420 83 46 Goddet
536 2421 13 45 et
575 2422 74 44 Gérard
678 2423 113 43 Terronés.

360 2717 162 60 ÉCHOS

103 2808 45 52 Guy
185 2811 78 49 Lafitte
296 2816 20 44 se
353 2806 131 55 produira,
508 2810 9 51 le
553 2803 0 58 3
590 2814 119 47 octobre,
733 2814 58 47 avec

102 2865 37 37 son
175 2864 98 38 quartet
301 2864 17 37 en
354 2863 149 38 compagnie
540 2862 19 39 de
596 2862 72 39 Maxim
713 2861 73 39 Saury

102 2903 19 45 et
151 2900 41 48 Bill
219 2902 135 47 Coleman,
380 2907 7 42 à
414 2898 135 52 Chartres.
575 2901 19 49 Le
631 2902 15 48 10
680 2904 117 47 octobre,

102 2953 54 46 avec
194 2952 31 49 M.
259 2952 72 52 Saury
370 2952 19 52 et
423 2951 31 48 Joe
499 2951 96 50 Turner,
625 2951 8 48 à
664 2950 133 51 Noisy-le¬

102 2990 63 48 Sec.

106 3057 26 52 36

993 234 443 157 GABRREIS

907 443 179 42 CALAVADOS,
1114 442 28 43 40,
1174 442 75 43 avenue
1287 440 238 46 Pierre-ler-de-Serbie

909 476 88 40 Paris-8e
1019 475 132 42 (225-95-38).
1176 475 44 42 Tous
1248 475 26 42 les
1302 475 50 42 soirs
1381 474 0 44 :
1403 474 28 44 Joe
1462 474 70 44 Turner

907 560 99 48 CAVEAU
1044 564 20 42 DE
1098 565 17 41 LA
1149 557 147 48 HUCHETTE,
1320 559 17 44 5,
1361 560 27 43 rue
1419 561 17 41 de
1467 562 10 40 la
1507 563 35 38 Hu¬

907 599 80 39 chette,
1017 598 86 39 Paris-5e
1132 598 72 38 (DAN,
1231 598 72 37 65-05).
1333 597 177 37 Consommation

907 624 0 40 8
937 624 16 40 F.
981 624 52 39 T.L.s.
1058 623 16 39 de
1104 623 17 39 21
1146 623 0 38 h
1176 623 14 38 30
1220 623 8 38 à
1253 623 0 37 1
1277 623 0 37 h
1308 623 30 37 30,
1360 622 88 37 matinée
1478 622 11 36 le
1519 622 20 35 di¬

906 652 85 40 manche
1020 651 9 42 à
1051 651 9 42 15
1089 651 15 42 h.
1130 651 50 42 Dany
1211 650 57 44 Doriz
1296 650 83 44 Septet.

907 743 97 48 CAVEAU
1034 743 24 40 DE
1081 743 20 41 LA
1128 742 167 46 MONTAGNE,
1315 741 27 43 18,
1359 741 27 40 rue
1412 740 114 47 Descartes

907 773 87 38 Paris-5e
1028 772 70 39 (ODE.
1129 772 73 38 82-39).
1233 770 177 40 Consommation

906 814 68 25 Jeudi,
994 814 103 24 vendredi
1118 814 15 23 et
1153 814 84 23 samedi
1258 814 15 22 de
1297 814 15 22 Z2
1336 814 0 22 h
1363 814 0 21 a
1389 814 0 21 2
1413 814 15 21 h.
1449 814 92 21 Orcnes¬

908 828 21 41 tre
960 827 227 42 Nouvelle-Orléans.

910 913 62 44 CHAT
1002 914 46 43 QUI
1071 914 95 42 PECHE,
1189 915 16 41 4,
1228 916 26 40 rue
1284 916 16 40 de
1333 916 10 40 la
1372 917 115 39 Huchette,
1510 918 31 37 Pa¬

908 951 56 39 ris-5e
988 950 73 40 (DAN,
1082 950 74 39 23-06).
1179 947 210 42 Consommation:
1412 947 12 41 15
1453 947 15 40 F.
1495 946 44 41 Tous

908 978 25 35 les
968 977 49 36 soirs
1051 976 43 36 sauf
1123 975 106 37 mercredi
1258 975 17 36 de
1309 975 12 36 22
1355 974 0 37 h
1390 974 6 37 à
1421 974 0 37 3
1456 974 14 36 h.
1499 973 40 37 Pro¬

908 1004 88 40 gramme
1032 1003 155 42 indéterminé.

907 1089 17 48 LA
962 1089 106 47 CIGALE,
1095 1089 41 46 124,
1160 1089 116 45 boulevard
1307 1089 181 44 Rochechouart,
1512 1089 29 41 Pa¬

909 1127 70 40 ris-182
1007 1125 79 40 (MON,
1111 1124 73 40 59-29).
1210 1120 227 42 Consommations:
1463 1119 0 40 4
1496 1131 0 27 F

1524 1123 0 36 e

978 1153 44 37 Tous
1048 1152 24 38 les
1101 1152 50 39 soirs
1178 1151 44 40 sauf
1242 1151 59 40 jeudi
1322 1150 14 41 de
1366 1150 14 41 21
1404 1150 0 42 h
1433 1150 12 42 30
1474 1149 6 43 à
1501 1149 0 43 2
1527 1149 0 43 h

910 1179 114 41 Orchestre
1056 1179 19 42 Al
1097 1179 74 42 Lirvat.

909 1272 141 38 ECUSSON,
1082 1272 27 37 13,
1138 1271 27 38 rue
1203 1269 141 40 Tiquetonne,
1376 1268 89 41 Paris-2e
1494 1267 50 41 (236-

908 1301 73 39 57-46).
1011 1300 176 40 Consommation
1225 1300 0 40 :
1255 1300 12 40 10
1302 1300 15 40 F.
1349 1299 44 41 Tous
1428 1299 27 41 les
1487 1299 50 41 soirs

908 1327 45 37 sauf
977 1327 54 38 lundi
1055 1327 16 38 de
1098 1327 15 38 22
1140 1327 0 39 h
1167 1327 9 39 à
1194 1327 0 39 2
1221 1326 15 40 h.
1260 1326 93 41 Mezzrow
1386 1326 16 41 et
1426 1326 9 41 le
1462 1326 81 42 quartet

911 1352 81 43 Gilbert
1016 1355 59 41 Rost.

909 1447 16 41 LE
963 1447 93 41 GIBUS,
1085 1446 26 42 18,
1143 1446 26 42 rue
1204 1446 16 42 du
1258 1446 103 42 Faubourg
1396 1445 16 43 du
1454 1445 74 43 Temple

913 1475 109 41 Paris-11e.
1053 1475 43 41 Tous
1131 1475 26 40 les
1188 1475 66 40 jeudis
1289 1475 14 40 de
1338 1475 14 40 23
1384 1475 0 39 h
1418 1475 12 39 30
1464 1475 9 39 à
1496 1475 0 39 3
1527 1475 0 39 h

911 1505 28 36 Big
971 1505 52 37 Band
1057 1504 43 39 Yvan
1132 1504 86 40 Jullien.

912 1592 74 42 GILL'S
1023 1587 77 46 CLUB,
1127 1590 17 42 7,
1167 1592 27 40 rue
1227 1585 151 46 Sainte-Croix
1408 1589 17 41 de
1459 1590 10 40 la
1502 1591 44 38 Bre¬

910 1626 106 38 tonnerie,
1039 1625 86 39 Paris-4e
1145 1625 69 38 (LOU.
1234 1624 72 39 05-95).
1326 1622 192 41 Consommations

912 1652 10 37 12
953 1652 16 37 F.
993 1651 104 37 Etudiants
1128 1651 0 37 :
1157 1651 7 36 10
1196 1651 15 36 F.
1240 1651 44 36 Tous
1315 1651 24 35 les
1370 1650 49 36 soirs
1451 1650 41 36 sauf
1518 1650 26 35 di¬

912 1678 82 41 manche
1026 1677 41 42 soir
1092 1677 16 42 de
1139 1677 13 42 22
1180 1677 0 42 h
1211 1676 10 43 à
1243 1676 0 43 4
1271 1676 16 43 h.
1312 1676 88 43 Matinée
1432 1675 107 44 dimanche

913 1705 11 37 15
955 1705 14 37 h.
994 1704 23 38 Du
1048 1704 56 38 lundi
1130 1704 14 38 au
1175 1703 105 39 vendredi

910 1729 96 39 Jusqu’au
1037 1729 31 40 9:
1095 1729 62 40 Pierre
1188 1729 55 40 Favre
1277 1729 97 41 Quartet.

911 1758 23 35 Du
968 1758 11 35 12
1007 1757 17 37 au
1055 1757 14 37 20
1100 1757 0 37 :
1125 1757 82 38 Freddie
1241 1756 50 40 Redd
1325 1756 34 40 Trio

909 1784 21 35 Du
959 1784 18 36 21
1000 1784 15 36 au
1041 1783 42 38 23:
1103 1783 80 39 Joachim
1221 1782 94 42 guhn-Eje
1347 1782 62 43 Thelin

910 1810 23 37 Du
958 1810 18 37 21
999 1810 14 37 au
1042 1810 14 38 23
1082 1810 0 38 :
1102 1809 81 39 Joachim
1220 1809 98 40 Kuhn-Eje
1349 1809 63 40 Thelin

910 1839 23 35 Du
963 1839 12 35 26
1004 1838 15 36 au
1049 1838 14 37 30
1093 1838 0 37 :
1116 1838 71 37 Burton
1220 1837 76 39 Greene
1332 1837 47 39 Trio.

909 1863 22 39 Du
962 1863 24 39 1er
1011 1863 14 39 au
1055 1863 44 39 6/11
1127 1863 0 39 :
1151 1862 58 40 Steve
1239 1862 44 40 Lacy
1314 1862 95 40 Quintet.

910 1890 31 42 Les
964 1890 87 42 samedi
1068 1891 52 41 soirs
1146 1891 14 41 et
1180 1891 110 41 dimanche
1316 1892 11 40 15
1353 1892 0 40 h
1379 1892 0 40 :
1396 1892 81 40 Michel
1497 1893 49 39 Ede¬

909 1918 19 41 lin
958 1919 101 43 Quartet.

914 2006 75 41 HOTEL
1023 2005 114 42 HYLTON,
1165 2005 25 42 18,
1218 2004 28 43 av.
1275 2004 12 43 de
1322 2004 94 43 Suffren,
1444 2003 101 44 Paris-15.

911 2034 132 42 (273-92-00).
1068 2034 44 42 Tous
1143 2034 25 42 les
1197 2034 50 43 soirs
1278 2034 44 43 sauf
1347 2034 63 43 lundi.
1435 2034 104 44 Stéphane

911 2063 113 39 Grappelli
1046 2063 97 40 Quintet.

914 2149 77 42 LIVING
1033 2149 89 42 ROOM,
1151 2149 29 42 25,
1212 2149 29 42 av.
1273 2149 16 42 du
1328 2149 99 42 Colisée,
1459 2149 87 42 Paris-8e

914 2181 60 42 (ELY,
994 2181 72 42 25-29).
1086 2181 178 41 Consommation
1293 2181 11 41 15
1333 2181 14 41 F.
1370 2181 43 41 Tous
1442 2181 23 40 les
1491 2181 51 40 soirs

913 2209 46 35 sauf
983 2209 107 36 dimanche
1122 2209 16 36 de
1170 2209 13 37 22
1212 2209 0 37 h
1245 2209 8 37 à
1274 2209 0 37 4
1303 2209 19 38 h.
1346 2209 77 38 Michel
1450 2209 91 39 Sardaby

916 2234 31 42 Trio
978 2235 16 42 et
1021 2235 62 43 Aaron
1114 2236 110 43 Bridgers,

913 2327 162 41 RIVERBOAT,
1101 2327 29 41 67,
1157 2327 26 41 rue
1219 2327 270 41 Saint-André-des-Arts,
1516 2327 29 41 Pa¬

913 2357 55 37 ris-6e
994 2356 54 38 (sans
1077 2356 138 39 téléphone).
1241 2354 225 42 Consommations:
1492 2354 12 42 12
1532 2354 0 42 F

912 2384 107 37 Etudiants
1050 2385 0 36 :
1075 2385 11 36 10

917 2410 45 37 Tous
993 2410 25 37 les
1049 2410 107 37 mercredi
1181 2410 14 37 et
1220 2410 57 37 jeudi
1305 2410 0 37 :
1327 2410 124 37 Jean-Louis
1482 2410 64 37 Chau¬

912 2435 80 38 temps,
1029 2435 83 39 Phillipe
1155 2435 65 39 Mate,
1257 2435 43 40 Albi
1337 2434 83 42 Cullaz,
1457 2433 86 44 Bernard

914 2461 72 42 Lubat.

915 2488 46 37 Tous
992 2488 23 38 les
1047 2489 103 38 vendredi
1176 2489 0 38 :
1199 2489 87 39 Mowgli
1311 2490 67 39 Jospin
1409 2491 95 39 Quintet.

918 2514 43 38 lous
989 2514 26 38 les
1044 2514 109 40 samedi:
1179 2514 58 40 Irakli
1260 2514 40 41 Jazz
1329 2514 48 42 Band

919 2542 45 41 Tous
990 2542 25 41 les
1044 2542 107 42 dimanche
1180 2542 0 42 :
1199 2542 32 42 Les
1260 2542 35 42 New
1331 2542 87 43 Orleans
1447 2542 61 43 Smig.

917 2634 58 39 SLOW
1029 2634 78 39 CLUB,
1144 2634 41 38 130,
1219 2634 26 38 rue
1291 2634 14 38 de
1334 2634 77 38 Rivoli,
1449 2634 100 37 Paris-1er

914 2667 68 36 (GUT.
1003 2667 73 36 84-30).
1099 2667 193 37 Consommations
1320 2667 0 37 :
1343 2667 10 37 18
1381 2667 16 37 et
1417 2667 15 37 20
1460 2667 15 37 F.
1498 2667 46 37 Tous

914 2692 26 35 les
965 2692 50 36 soirs
1041 2692 44 37 sauf
1105 2693 56 36 lundi
1184 2693 14 37 de
1226 2693 14 37 21
1262 2693 0 37 h
1290 2693 11 38 30
1329 2693 6 38 à
1357 2693 0 38 1
1377 2693 0 38 h
1405 2694 28 38 30.
1453 2694 87 39 Matinée

915 2719 108 39 dimanche
1057 2719 9 39 15
1096 2719 15 39 h.
1135 2719 111 40 Orchestre
1276 2719 51 41 Marc
1355 2719 114 42 Laferrière

918 2787 66 48 TROIS
1026 2787 139 48 MAILLETZ,
1197 2787 28 48 56,
1256 2787 24 48 rue
1322 2787 108 48 Galande,
1461 2787 89 48 Paris-Se

915 2824 72 41 (ODE.
1015 2824 72 41 00-79).
1114 2823 178 42 Consommation
1325 2823 0 42 :
1352 2823 15 42 20
1400 2823 15 42 F.
1445 2823 46 42 Tous
1524 2823 24 42 les

917 2851 51 39 soirs
996 2851 45 39 sauf
1063 2851 56 39 lundi
1142 2851 14 39 de
1186 2851 14 39 22
1226 2851 0 39 h
1257 2851 8 39 à
1285 2851 0 39 2
1313 2851 16 39 h.
1352 2851 112 39 Orchestre
1492 2851 56 39 Jean¬

917 2874 63 38 Pierre
1008 2874 95 41 Sasson.
1128 2875 138 43 Attraction:
1288 2876 79 44 Magma
1396 2876 15 44 de
1443 2877 104 46 Christian

917 2902 82 39 Vander
1027 2903 14 39 ou
1072 2903 104 41 Memphis
1207 2905 36 41 Slim

1665 123 63 59 Suite
1774 132 22 51 de
1846 130 13 53 la
1909 127 63 57 page
2017 126 0 59 9

1740 216 198 73 Coltrane
2011 219 62 71 par
2136 216 198 72 Coltrane

1667 312 0 45 •
1710 310 17 56 LA
1770 306 105 60 POESIE
1912 308 27 58 ET
1973 314 21 52 LA
2037 310 48 56 FOl

1666 373 15 41 Le
1722 373 85 43 poème
1845 374 38 42 que
1924 374 34 43 j’ai
1990 374 60 44 écrit
2078 374 60 45 pour
2172 374 132 47 l’album«
2345 375 0 46 A

1666 416 56 37 Love
1756 416 120 38 Supreme
1913 416 0 38 »
1944 416 72 39 n’aide
2053 416 36 39 pas
2126 416 230 40 nécessairement

1665 453 8 35 à
1706 453 8 35 la
1756 453 219 37 compréhension
2016 453 19 38 de
2076 453 9 38 la
2126 453 110 39 musique
2279 453 36 40 qui
2351 453 0 40 y

1665 506 36 15 ESt
1732 506 18 16 UI
1763 506 74 16 dVCC.
1864 506 0 16 3
1886 506 17 16 ai
1932 506 166 18 SlllIDIellIenit
2130 506 63 18 voulu
2231 506 129 19 exbllIIIel,

1665 525 102 39 quelque
1804 524 74 41 chose
1912 524 37 41 que
1986 524 9 41 je
2029 524 142 41 ressentais
2205 523 0 43 :
2233 523 9 43 il
2266 523 0 43 a
2300 523 50 43 fallu

1664 558 37 40 que
1738 558 10 41 je
1785 557 114 46 l’écrive.

1664 599 69 40 C’est
1765 600 163 41 simplement
1957 601 75 41 douze
2066 601 115 42 mesures
2216 602 143 43 mineures,

1669 636 194 46 développées,
1896 636 40 45 qui
1970 636 107 44 forment
2114 636 10 43 la
2164 636 70 43 trame
2277 636 20 42 de
2341 636 10 42 la

1666 671 109 39 dernière
1816 672 86 39 partie,
1933 673 63 39 c’est
2031 673 17 40 un
2088 673 66 41 blues
2195 674 17 41 en
2252 674 106 43 mineur.

1667 703 20 42 La
1729 703 120 43 première
1893 704 71 43 partie
2011 705 18 42 ne
2076 705 126 43 comporte
2246 706 38 43 pas
2329 707 17 42 un

1663 747 99 37 nombre
1795 747 76 37 défini
1899 747 20 37 de
1952 747 114 37 mesures
2102 747 18 37 et
2148 747 10 37 la
2193 747 69 37 partie
2300 747 56 37 cen¬

1663 781 52 36 trale
1758 781 38 36 est
1833 781 138 38 composée
2017 781 17 39 de
2080 781 51 40 trois
2174 781 109 41 groupes
2327 781 20 42 de

1666 812 46 48 huit
1748 812 132 48 mesures.
1915 812 61 42 Pour
2015 812 56 49 moi,
2103 812 75 50 quand
2224 812 7 46 je
2278 812 71 44 passe

1663 853 46 41 d’un
1747 853 109 41 moment
1885 853 71 41 calme
1994 853 8 41 à
2028 853 37 42 une
2103 853 92 42 tension
2232 853 123 42 extrême,

1666 883 7 48 il
1705 883 29 48 n’y
1773 883 0 47 a
1812 883 39 47 que
1890 883 39 47 des
1964 883 110 46 facteurs
2113 883 170 45 émotionnels
2322 883 35 44 qui

1663 922 39 37 m’y
1736 922 141 38 poussent,
1903 923 11 37 à
1940 923 146 38 l’exclusion
2120 924 18 37 de
2175 924 60 37 toute
2274 925 83 37 consi¬

1667 975 37 20 der
1717 975 57 21 ation
1813 975 136 24 musicale,

1665 1005 26 35 De
1730 1005 79 36 temps
1848 1005 21 36 en
1910 1005 76 36 temps
2028 1005 99 37 j’essaie
2169 1005 99 38 d’écrire
2312 1005 37 38 des

1665 1039 120 37 poèmes.
1827 1038 111 39 Celui-ci
1977 1038 37 39 est
2053 1038 9 39 le
2113 1037 48 41 plus
2209 1037 48 41 long
2308 1036 36 43 que

1664 1077 46 40 j’aie
1747 1076 84 41 jamais
1867 1075 59 42 écrit
1957 1075 55 42 mais
2049 1074 123 43 certaines
2209 1073 83 44 pièces
2329 1073 22 44 de

1665 1110 84 37 l’album
1797 1110 3 37 «
1839 1110 126 38 Crescent
2001 1110 0 38 »
2041 1109 54 40 sont
2128 1109 147 41 également
2311 1109 36 42 des

1667 1147 118 41 poèmes,
1813 1147 92 40 comme
1944 1147 0 39 «
1981 1146 33 40 The
2051 1146 53 39 wise
2141 1146 36 39 one
2216 1146 17 38 »,
2261 1146 0 38 «
2298 1146 56 37 Lon¬

1668 1179 55 38 nie’s
1767 1179 91 38 lament
1896 1180 17 38 »,
1948 1180 0 38 «
1995 1180 33 39 The
2075 1180 52 39 drum
2179 1180 58 40 thing
2286 1181 17 40 ».
2336 1181 13 40 le

1666 1218 107 37 procède
1815 1217 161 37 quelquefois
2016 1217 18 36 de
2076 1217 57 36 cette
2172 1216 107 36 manière
2319 1216 36 35 car

1662 1255 64 37 c’est
1756 1255 38 37 une
1832 1255 77 37 bonne
1947 1255 127 37 approche
2112 1255 58 37 pour
2203 1255 8 37 la
2249 1255 104 37 compo¬

1667 1288 65 39 sition
1775 1287 136 41 musicale.
1944 1287 13 41 le
2003 1286 160 42 m’intéresse
2209 1285 148 44 également

1666 1326 35 35 aux
1745 1326 118 36 langues,
1898 1326 9 37 à
1939 1326 203 38 l’architecture.
2175 1326 14 39 le
2232 1326 115 40 voudrais

1667 1357 17 43 en
1720 1357 91 42 arriver
1831 1357 18 41 au
1876 1357 67 41 point
1964 1357 26 40 où
2011 1357 9 40 je
2055 1357 82 40 puisse
2173 1357 182 39 appréhender

1668 1395 126 40 l’essence
1832 1394 47 41 d’un
1917 1392 91 43 instant
2036 1391 79 44 précis
2150 1391 19 44 en
2206 1390 16 45 un
2260 1389 98 46 endroit

1666 1430 152 38 déterminé,
1853 1429 141 39 composer
2031 1429 129 40 l’œuvre,
2174 1428 21 41 et
2232 1428 8 41 la
2286 1428 66 42 jouer

1666 1462 36 43 sur
1734 1460 10 45 le
1783 1461 82 46 champ
1907 1463 64 45 d’une
2010 1464 68 45 façon
2117 1466 134 45 naturelle.

1667 1511 90 45 Depuis
1801 1511 122 47 quelques
1965 1511 109 46 années,
2109 1511 38 43 j’ai
2183 1511 118 42 retrouvé
2340 1511 6 38 la

1666 1546 40 37 foi.
1734 1546 9 38 Il
1775 1546 92 39 m’était
1898 1546 55 39 déjà
1985 1546 77 40 arrivé
2094 1546 20 40 de
2154 1546 81 41 perdre
2275 1546 20 42 et
2326 1546 21 42 de

1668 1581 129 40 retrouver
1829 1580 58 41 cette
1922 1580 42 42 foi.
1990 1580 38 42 J’ai
2054 1580 39 43 été
2122 1579 70 44 élevé
2221 1579 58 45 dans
2315 1579 35 45 une

1668 1620 84 35 famille
1794 1619 149 37 religieuse,
1976 1619 37 37 j’en
2055 1619 62 37 avais
2159 1619 8 37 le
2209 1618 79 39 germe
2330 1618 19 39 en

1669 1655 56 36 moi,
1758 1655 31 36 et,
1822 1655 10 36 à
1865 1655 104 35 certains
2015 1654 137 36 moments,
2188 1654 8 35 je
2239 1654 112 35 retrouve

1669 1691 26 37 ma
1728 1690 41 38 foi.
1798 1690 50 38 Tout
1875 1689 47 39 cela
1954 1689 56 40 tient
2037 1689 9 40 à
2072 1689 9 40 la
2116 1688 27 41 vie
2175 1688 68 41 qu’on
2278 1687 62 42 mène

1666 1726 22 37 La
1722 1725 98 38 religion
1854 1725 37 39 est
1919 1724 49 40 tout
1996 1724 59 40 pour
2086 1723 64 41 moi;
2178 1723 28 42 ma
2240 1722 114 43 musique

1669 1756 35 40 est
1734 1757 17 39 un
1789 1757 201 43 remerciement
2019 1758 9 43 à
2057 1759 53 43 Dieu

1672 1828 0 44 •
1714 1828 101 51 RESTER
1860 1829 123 52 PROCHE
2025 1831 24 47 DU
2098 1831 98 45 PUBLIC

1670 1893 13 37 le
1725 1893 48 38 joue
1815 1893 9 38 la
1869 1893 109 40 musique
2023 1892 39 41 que
2107 1892 10 42 je
2162 1892 77 43 désire
2284 1892 77 44 jouer,

1669 1931 55 36 mais
1768 1931 19 35 ce
1828 1930 39 36 que
1914 1929 8 36 je
1967 1928 133 37 voudrais,
2136 1927 63 37 c’est
2235 1925 123 38 exprimer

1668 1964 48 42 tout
1746 1963 48 42 cela
1830 1963 22 42 de
1888 1962 48 42 telle
1975 1961 66 43 façon
2083 1961 36 42 que
2158 1960 127 42 n’importe
2324 1959 36 42 qui

1668 2002 81 39 puisse
1788 2002 9 39 le
1836 2000 184 41 comprendre.
2050 1999 96 41 Malgré
2176 1998 60 42 tout,
2266 1997 93 43 malgré

1669 2037 49 40 tous
1754 2036 46 41 mes
1840 2034 144 43 problèmes
2023 2031 168 46 techniques,
2220 2030 46 47 mon
2309 2029 52 48 seul

1670 2073 48 35 vrai
1756 2072 78 37 désir,
1868 2072 61 37 c’est
1969 2072 17 37 de
2032 2071 78 38 rester
2150 2071 43 39 très
2236 2070 52 40 près
2334 2070 18 40 du

1667 2108 78 45 public
1777 2107 0 44 —
1830 2107 63 44 c’est
1919 2107 9 43 le
1963 2106 53 43 seul
2042 2106 100 42 combat
2171 2106 37 40 que
2246 2105 7 40 je
2287 2105 66 40 mène

1671 2143 161 41 aujourd’hui
1862 2143 0 41 :
1891 2143 76 41 rester
2000 2143 85 41 proche
2123 2142 21 42 du
2179 2142 94 42 public.

1672 2183 54 44 Tout
1759 2184 17 44 ce
1820 2185 46 43 qu’a
1910 2185 40 44 fait
1987 2186 90 44 Charlie
2121 2188 103 43 Parker,
2258 2189 93 43 j’aurais

1668 2223 47 42 bien
1750 2223 65 42 voulu
1853 2224 9 40 le
1898 2224 67 40 faire,
1992 2224 56 40 mais
2083 2224 27 39 lui
2136 2224 65 39 avait
2228 2225 73 38 assez
2334 2225 20 37 de

1667 2260 67 41 génie
1771 2261 57 40 pour
1860 2261 8 40 le
1906 2261 69 40 faire,
2003 2262 18 40 et
2052 2262 17 40 sa
2107 2263 112 39 musique
2256 2263 101 39 pouvait

1670 2297 42 41 être
1752 2297 120 40 comprise
1912 2297 36 39 par
1979 2297 67 38 tous,
2074 2297 110 37 l’homme
2223 2297 17 36 de
2276 2297 12 36 la
2321 2297 31 35 rue

1672 2334 18 36 et
1728 2334 10 38 le
1782 2333 60 42 petit
1879 2333 76 45 bébé.
1993 2332 56 37 Moi,
2087 2332 63 37 c’est
2188 2332 19 37 ça
2254 2331 34 38 qui
2326 2331 28 38 me

1671 2368 113 46 fascine,
1819 2369 59 42 c’est
1919 2369 19 43 ce
1982 2369 38 45 que
2067 2370 10 41 je
2124 2370 113 44 voudrais
2281 2371 79 40 faire,

1672 2406 53 39 mais
1770 2404 163 40 aujourd’hui
1967 2403 87 39 encore
2099 2403 28 38 les
2172 2402 117 38 critiques
2334 2401 20 37 ne

1670 2440 28 41 me
1736 2437 188 47 comprennent
1955 2436 67 49 pas!
2053 2435 91 51 (1960).

1670 2486 13 42 le
1720 2485 114 43 tâtonne,
1852 2485 99 42 j’essaie
1988 2485 18 42 de
2040 2485 99 42 trouver
2170 2484 27 43 ma
2225 2484 65 42 voie.
2311 2484 53 42 Tout

1669 2526 20 36 ce
1726 2526 37 36 que
1800 2526 10 36 je
1847 2526 47 36 puis
1933 2526 69 36 faire,
2030 2526 61 36 c’est
2123 2526 107 36 essayer
2264 2526 18 36 de
2321 2526 37 36 dé¬

1672 2561 92 39 passer
1802 2561 8 39 le
1853 2561 67 39 point
1957 2560 29 40 où
2023 2560 37 39 j’en
2106 2559 44 40 suis
2196 2558 169 41 maintenant,

1670 2593 62 43 c’est
1764 2593 156 43 progresser
1953 2593 20 42 en
2012 2593 91 42 posant
2135 2593 39 42 une
2212 2593 73 41 pierre
2324 2593 38 41 Sur

1669 2627 82 48 l’autre

1669 2671 16 42 le
1733 2670 103 43 cherche
1884 2670 235 43 continuellement
2158 2670 19 43 de
2228 2669 129 44 nouveaux

1673 2713 101 36 terrains
1819 2713 10 35 à
1866 2713 128 35 explorer.
2031 2712 213 35 Physiquement,
2283 2712 8 33 je
2338 2712 17 33 ne

1675 2749 54 37 peux
1769 2748 54 37 aller
1860 2747 104 37 au-delà
1998 2747 19 36 de
2058 2747 19 36 ce
2118 2746 40 36 que
2199 2746 8 35 je
2249 2745 39 36 fais
2327 2745 37 35 ac¬

1671 2784 150 37 tuellement
1856 2783 56 39 dans
1948 2783 12 39 la
1998 2783 73 39 forme
2113 2783 35 39 que
2189 2782 9 41 je
2239 2782 127 41 pratique.

1673 2818 52 38 Cela
1765 2817 118 39 m’effraie
1923 2815 110 40 toujours
2073 2815 17 40 un
2130 2814 38 41 peu
2208 2813 20 41 de
2268 2812 92 42 penser

1674 2855 38 36 que
1756 2855 6 36 je
1809 2854 44 37 vais
1894 2852 88 39 encore
2026 2850 83 40 devoir
2150 2848 123 42 changer.
2311 2847 44 43 Très

1676 2890 120 38 souvent,
1829 2889 76 39 quand
1946 2888 9 40 je
1996 2887 47 41 suis
2085 2887 8 40 à
2126 2886 20 41 un
2188 2884 126 43 tournant,
2349 2884 6 43 je

1672 2925 123 39 repousse
1831 2924 148 39 l’échéance
2012 2924 38 38 afin
2083 2924 38 38 que
2154 2923 50 38 tout
2231 2923 8 38 le
2272 2923 85 38 monde

1672 2962 82 42 puisse
1791 2961 27 43 me
1852 2958 168 45 comprendre
2054 2957 75 46 avant
2156 2956 38 47 que
2231 2954 44 48 j’aie
2310 2953 54 49 déjà

1671 2995 112 46 changé.
1809 2995 92 46 (1965).
