2480 3158
115 128 343 79 CONCERTS

113 231 25 42 1er
166 231 101 43 octobre
301 231 22 43 (à
351 231 16 43 19
402 232 0 42 h
439 232 19 42 30
490 232 19 43 et
537 232 19 43 22
590 232 0 43 h
625 232 60 43 30);
713 232 0 43 2
747 232 101 44 octobre
883 232 18 44 et
930 233 0 43 4
964 233 101 44 octobre
1099 233 32 44 (15
1165 233 0 44 h

110 273 19 41 et
153 273 19 41 21
203 272 21 42 h)
249 272 0 41 :
276 272 40 41 Ray
350 271 102 42 Charles
486 270 58 43 Show
587 270 34 42 70.

109 310 0 49 3
146 310 99 49 octobre
282 310 0 49 :
311 310 96 49 Maison
440 310 22 49 de
491 310 132 49 l’O.R.T.F.
649 310 0 49 :
675 310 73 49 Pierre
781 310 66 49 Favre
880 310 56 49 avec
965 310 95 49 Michel
1086 310 89 49 Portal,

110 352 6 40 à
145 353 16 41 18
196 354 19 44 h.

112 392 16 44 15
165 392 98 44 octobre
300 392 0 43 :
331 392 68 42 (sous
429 392 120 42 réserve)
577 392 0 41 :
602 391 9 42 à
636 391 9 41 la
679 391 132 41 Mutualité
836 391 0 40 :
863 391 43 40 Sun
940 391 22 39 Ra
996 391 132 39 Arkestra.

113 438 17 40 17
163 436 117 42 octobre,
307 436 10 42 à
344 436 16 42 18
394 436 0 42 h
430 435 0 43 :
460 434 94 44 Maison
587 434 20 44 de
641 432 133 46 l’O.R.T.F.
804 432 0 46 :
831 432 27 46 les
891 430 133 48 Lutéciens
1058 430 20 48 et
1105 429 66 49 René

107 477 69 40 Franc
214 477 16 39 et
263 477 28 39 les
329 477 187 39 Bootleggers.

238 559 61 49 JAZZ
343 559 21 48 AU
415 559 82 48 T.N.P.
528 560 0 46 :
559 560 153 46 NEWPORT
753 560 0 45 A
798 560 99 45 PARIS,
931 561 0 43 A
972 561 24 42 21
1033 561 18 42 H.

106 652 17 44 23
160 651 120 45 octobre,
307 651 111 45 Chaillot
444 651 0 45 :
474 651 121 45 Newport
632 650 110 46 Festival
776 650 0 46 :
809 650 80 46 Buddy
929 650 51 46 Rich
1023 649 30 47 Big
1097 649 77 47 Band.

103 693 21 50 24
158 694 120 48 octobre,
306 695 109 46 Chaillot
446 697 0 42 :
473 697 90 42 M.J.O.

108 741 19 43 25
160 735 120 49 octobre,
307 733 108 51 Chaillot
445 737 0 46 :
475 738 49 45 Earl
554 731 71 52 Hines
666 734 105 49 Quartet
801 733 19 50 et
854 730 79 52 Marva
966 735 76 47 Josie.

104 784 20 44 26
158 784 117 44 octobre,
298 783 107 45 Chaillot
432 783 0 45 :
459 783 66 45 Piano
559 783 137 46 Workshop
729 783 57 46 avec
816 783 50 46 John
900 782 90 47 Lewis,
1013 782 50 47 Earl
1087 782 87 47 Hines,

104 822 99 39 Martial
233 822 71 40 Solal
335 822 16 40 et
385 822 62 40 Dave
489 822 129 41 Brubeck.

106 868 21 44 27
160 867 118 44 octobre,
308 867 105 43 Chaillot
449 867 0 42 :
482 866 60 43 Dave
584 866 112 42 Brubeck
735 865 129 42 Quartette
906 865 54 40 avec
1003 864 69 40 Gerry
1111 864 60 40 Mul¬

102 903 76 42 ligan.

106 940 18 45 28
161 940 117 46 octobre,
308 940 106 46 Chaillot
444 941 0 45 :
502 941 92 46 Charlie
642 941 95 46 Mingus
785 941 99 47 Sextet,
921 942 59 46 Anita
1027 942 81 47 O'Day
1152 942 19 47 et

106 985 37 36 son
184 984 52 38 trio.

107 1022 18 46 29
160 1021 121 47 octobre,
309 1020 106 48 Chaillot
444 1020 0 47 :
475 1019 78 48 Kenny
603 1018 99 49 Clarke,
744 1017 85 50 Francy
875 1016 100 51 Bolland
1024 1016 32 50 Big
1102 1015 60 51 Band

107 1061 55 39 avec
200 1062 67 39 Dizzy
305 1063 135 38 Gillespie.

110 1130 59 49 Dans
204 1133 11 48 la
250 1128 70 56 Petite
359 1129 74 46 Salle,
460 1131 8 44 à
499 1131 16 44 18
550 1132 0 43 h
585 1133 35 42 30,
647 1134 27 41 les
709 1135 0 40 :

107 1173 128 48 Vendredi
264 1176 17 45 23
320 1176 101 45 octobre
461 1179 0 42 :
490 1179 49 42 Phil
569 1180 108 41 Woods.

107 1219 104 47 Samedi
241 1222 17 43 24
294 1223 101 42 octobre
435 1226 0 39 :
465 1217 43 47 lvan
545 1219 77 45 Jullien
659 1222 33 42 Big
729 1224 80 39 Band.

108 1271 135 39 Dimanche
282 1271 17 38 25
338 1271 101 38 octobre
479 1270 0 38 :
512 1270 99 38 Martial
642 1270 70 38 Solal
746 1270 56 37 Trio.

107 1312 81 44 Mardi
212 1312 21 44 27
267 1312 102 44 octobre
403 1312 0 44 :
430 1312 174 44 Jean-Claude
641 1312 82 45 Naude
760 1312 17 45 et
808 1312 38 45 son
883 1312 68 45 grand
989 1312 129 45 orchestre

106 1359 129 39 Mercredi
263 1359 18 39 28
318 1358 101 41 octobre
456 1358 0 41 :
487 1358 68 41 Eddie
591 1358 86 41 Louiss
711 1358 19 41 et
763 1357 102 43 Charles
901 1357 31 43 Mc
972 1357 126 43 Pherson.

102 1403 70 40 Jeudi
201 1403 16 40 29
254 1402 101 40 octobre
391 1402 0 40 :
420 1402 95 40 Michel
543 1402 98 39 Roques
681 1402 56 39 Trio,
762 1401 96 40 Michel
886 1401 90 39 Portal.

105 1444 21 43 Le
160 1440 0 47 3
199 1440 152 47 novembre,
379 1441 59 46 Salle
473 1441 86 46 Pleyel
587 1441 0 46 :
611 1441 11 46 le
660 1441 42 45 MJQ
747 1442 17 44 et
795 1442 146 44 l’orchestre
976 1442 184 44 symphonique

106 1484 18 37 de
163 1484 135 39 l’O.R.T.F.
331 1484 75 40 dirigé
439 1484 39 40 par
518 1484 111 42 Vladimir
665 1484 201 44 Kadjoukaroff.

104 1577 37 44 Les
175 1577 117 44 tournées
326 1578 129 42 suivantes
489 1578 56 42 sont
575 1578 148 42 annoncées

107 1628 23 38 Du
170 1628 13 38 10
219 1628 19 38 au
274 1628 20 37 25
330 1628 98 37 octobre
467 1628 0 37 :
493 1628 82 37 Saints
608 1617 39 48 and
683 1618 101 46 Sinners
824 1620 29 44 All
883 1621 81 43 Stars,
991 1623 55 41 avec
1079 1624 82 39 Buddy

107 1659 45 41 Tate
197 1659 61 41 (ts);
296 1659 100 41 Herman
444 1659 83 41 Autrey
569 1659 64 42 (tp);
671 1659 68 42 Eddie
787 1659 119 42 Barefield
954 1659 38 42 (cl.
1028 1659 54 42 tb);
1121 1659 38 42 Ben

102 1697 155 42 Richardson
290 1696 43 43 (d.,
355 1696 32 43 as.
413 1695 0 44 &
449 1695 36 44 bs)
507 1695 0 45 ;
532 1693 101 47 Charles
666 1693 43 47 Red
741 1692 120 49 Richards
893 1691 54 50 (p);
973 1690 97 52 George
1103 1689 58 53 Reed

101 1735 60 38 (dm)
182 1735 0 38 ;
212 1735 45 40 Dan
297 1735 87 42 Mastri
414 1735 45 44 (b).

103 1773 26 48 Du
165 1773 14 48 15
215 1773 102 48 octobre
349 1773 18 48 au
403 1774 15 47 15
454 1774 134 47 novembre
624 1774 0 47 :
649 1774 33 47 Jay
714 1774 127 47 McShann
877 1774 54 47 (p);
960 1775 25 46 G.
1014 1775 58 46 Kelly
1108 1775 61 46 (ts);

103 1814 79 38 Hayes
221 1814 59 38 Alvis
316 1814 34 38 (b)
369 1813 3 39 :
403 1813 56 39 Paul
490 1813 109 39 Gunther
633 1813 62 39 (dm)
728 1813 17 39 et
776 1813 36 39 une
855 1812 95 40 vedette
989 1812 39 40 qui
1059 1812 110 40 pourrait

102 1843 40 43 être
183 1845 44 43 Tiny
259 1847 113 45 Grimes.

104 1886 27 47 Du
165 1886 27 47 1er
218 1887 19 46 au
272 1887 15 47 15
321 1887 133 47 novembre
489 1888 0 46 :
515 1888 8 46 le
557 1888 122 47 chanteur
706 1889 19 46 et
751 1889 126 46 guitariste
911 1890 133 46 Homesick
1075 1891 92 45 James.

103 1931 27 46 Du
174 1932 14 45 15
229 1932 20 45 au
290 1932 17 45 30
351 1933 133 44 novembre
528 1934 0 43 :
562 1934 72 43 Clyde
678 1935 123 42 Bernhart
838 1936 0 41 &
882 1936 34 41 His
957 1937 85 40 Harlem
1093 1938 68 39 Blues

104 1975 61 39 Band
200 1974 0 40 :
226 1974 74 40 Clyde
332 1973 122 41 Bernhart
479 1972 26 42 (tb
537 1972 0 42 &
576 1971 58 44 vo);
659 1971 45 44 Dud
736 1970 122 45 Bascomb
894 1969 64 46 (tp);
984 1969 61 46 Rudy
1077 1968 93 47 Powell

102 2010 31 40 (as
168 2010 0 40 8
205 2010 29 40 cl)
256 2010 0 40 ;
284 2010 28 40 Jay
347 2009 103 42 Jackson
488 2009 53 42 (g);
570 2009 50 42 Earl
648 2009 88 42 Knight
765 2009 34 42 (p)
821 2009 0 42 ;
856 2008 97 44 Thomas
991 2008 88 44 Barney
1116 2008 54 44 (b);

104 2036 95 48 Sammy
236 2040 68 45 Scott
334 2043 66 44 (dm).

104 2089 26 39 Du
168 2089 15 39 15
221 2089 136 39 novembre
395 2088 18 40 ou
454 2088 15 40 10
507 2088 135 41 décembre
681 2088 0 41 :
713 2088 109 41 Chicago
860 2087 68 42 Blues
969 2087 109 42 Festival
1107 2087 56 42 avec

104 2126 135 44 Homesick
274 2125 93 45 James,
393 2125 71 45 Eddie
502 2125 80 45 Taylor
611 2125 13 45 (9
663 2125 0 45 &
701 2125 58 45 vo);
788 2125 64 45 Louis
887 2124 100 46 Meyers
1022 2124 13 46 (9
1070 2124 0 46 &
1109 2124 58 46 vo);

102 2159 141 48 Roosevelt
273 2160 95 46 Sykes,
394 2161 26 45 D.
446 2161 79 45 Myers
561 2162 16 44 et
610 2162 66 44 Frank
712 2162 97 43 Below.

104 2249 64 41 FOLK
213 2250 87 41 BLUES
345 2251 138 42 FESTIVAL

104 2335 0 44 A
146 2335 93 44 chaque
275 2336 115 42 automne
429 2336 84 42 depuis
555 2336 69 41 1962,
654 2337 36 40 une
729 2337 102 40 tournée
870 2337 127 39 d’artistes
1036 2338 21 38 de
1096 2338 63 37 blues

105 2375 160 40 authentique
302 2374 177 40 sélectionnés
515 2374 39 40 par
585 2374 51 40 Fritz
672 2374 40 39 Rau
751 2374 17 39 et
799 2374 73 39 Horst
903 2373 112 40 Lipmann
1052 2373 118 39 parcourt

101 2414 58 36 sous
201 2414 7 36 le
253 2413 39 37 nom
344 2413 133 36 américain
521 2412 47 37 Folk
612 2412 68 37 Blues
725 2411 119 37 Festival,
878 2411 76 37 divers
998 2410 55 37 pays
1097 2410 71 37 euro¬

104 2449 89 44 péens.
230 2449 59 43 Pour
325 2448 56 43 cette
424 2447 92 44 année,
550 2447 9 43 la
599 2446 98 44 tournée
737 2445 120 44 débutera
897 2445 9 43 le
946 2444 18 43 26
1007 2443 98 44 octobre
1148 2443 19 43 et

103 2485 147 37 s’achèvera
291 2485 12 37 le
341 2485 18 37 25
400 2484 132 39 novembre
577 2484 67 39 après
682 2484 65 39 avoir
783 2483 120 41 sillonner
939 2482 182 42 l’Allemagne,
1150 2482 12 42 la

104 2518 266 42 Grande-Bretagne,
399 2518 10 42 la
447 2518 97 42 Suède,
576 2518 10 42 la
624 2518 132 42 Finlande,
785 2518 9 42 le
836 2517 157 44 Danemark,
1022 2517 145 44 l’Autriche,

101 2556 9 42 la
145 2556 87 42 Suisse
264 2556 19 42 et
306 2556 9 42 la
351 2555 86 43 France
469 2555 29 43 où
524 2555 38 43 des
594 2555 116 43 concerts
745 2555 54 43 sont
828 2554 87 44 prévus
947 2554 9 44 le
992 2554 0 44 9
1027 2554 131 44 novembre

101 2593 10 38 à
141 2593 62 38 Paris
237 2592 18 39 et
286 2592 9 39 le
335 2592 15 39 10
387 2591 135 41 novembre
559 2591 10 41 à
599 2591 74 41 Lyon.
701 2590 73 42 (Pour
805 2590 9 42 la
854 2590 86 43 Suisse
977 2589 136 44 romande,
1140 2589 19 44 un

100 2629 104 37 concert
235 2629 48 37 sera
322 2629 81 38 donné
434 2629 8 38 à
473 2629 98 39 Genève
608 2629 8 39 le
658 2629 14 40 13
709 2629 165 41 novembre.)

102 2673 87 41 Feront
220 2673 70 41 partie
329 2673 20 41 du
385 2673 157 41 programme
582 2673 19 41 de
640 2673 9 41 la
688 2673 98 41 tournée
828 2673 51 41 1970
918 2673 28 41 les
982 2673 98 41 artistes
1120 2673 45 41 sui¬

102 2710 106 40 vants:

104 2752 135 41 Champion
277 2752 47 41 Jack
365 2751 95 41 Dupree
498 2751 0 41 :
527 2751 250 41 chanteur-pianiste
815 2751 47 41 bien
901 2750 73 42 connu
1015 2750 18 41 en
1071 2750 88 41 Europe

102 2789 26 39 où
160 2789 11 39 il
201 2789 77 39 réside
318 2789 19 39 en
377 2789 171 39 permanence
588 2789 85 39 depuis
716 2789 70 39 1960,
815 2789 19 39 se
874 2789 152 39 produisant
1061 2789 18 39 un
1120 2789 37 39 peu

105 2828 98 38 partout
236 2827 19 39 et
288 2827 176 38 enregistrant
496 2826 20 39 de
559 2826 135 39 nombreux
737 2825 102 39 disques
880 2825 49 39 (l’un
973 2825 19 39 de
1036 2824 36 39 ses
1115 2824 47 39 plus

98 2861 101 38 récents
230 2861 0 39 a
265 2861 34 40 été
324 2861 85 41 l’album
456 2861 75 43 Vogue
566 2861 88 44 CLVLX
688 2861 76 46 271);

103 2903 78 40 Bukka
224 2903 69 40 White
336 2903 0 40 :
371 2904 270 39 chanteur-guitariste
684 2904 97 38 vétéran
824 2904 18 38 du
885 2904 152 38 Mississipi,
1072 2905 0 37 a
1112 2905 57 37 déjà

101 2942 125 61 participé
255 2942 8 48 à
288 2941 87 48 l’AEBE
408 2941 21 58 de
466 2941 54 51 1967
553 2941 67 57 après
657 2941 62 48 avoir
752 2941 38 50 été
819 2940 170 58 redécouvert
1018 2940 37 44 aux
1092 2940 75 44 Etats¬

104 2976 81 51 Unis;

86 3036 41 45 134

1298 115 80 49 Sonny
1413 115 198 48 Terry/Brownie
1645 115 114 47 McGhee
1793 115 0 46 :
1820 115 114 45 célèbres
1969 115 133 45 duettistes
2136 115 19 43 du
2190 114 0 44 «
2224 104 133 54 folklore»

1297 157 150 43 américain,
1481 157 54 44 qu’il
1566 157 62 44 n’est
1658 157 69 44 point
1757 156 82 46 besoin
1880 156 21 46 de
1942 156 133 46 présenter
2109 156 47 46 plus
2194 156 171 47 longuement

1296 198 9 38 à
1334 197 39 40 nos
1409 196 133 42 lecteurs;

1301 231 78 49 Sister
1418 232 95 48 Rosetta
1563 232 81 48 Tharpe
1690 233 0 47 :
1729 233 294 47 chanteuse-guitariste
2066 235 152 45 religieuse,
2254 236 56 44 dont
2346 236 10 44 la

1299 277 123 38 présence
1459 277 15 38 au
1514 277 43 39 sein
1597 276 19 40 du
1653 276 156 40 programme
1849 275 19 41 de
1904 275 0 41 «
1941 274 111 42 musique
2089 274 18 43 du
2147 274 74 43 diable
2261 273 0 44 »
2294 273 49 44 (nom

1299 311 84 39 donné
1418 311 16 39 au
1476 310 67 40 blues
1585 310 35 41 par
1659 309 106 42 certains
1806 308 93 43 cercles
1941 307 116 44 religieux
2095 306 58 46 noirs
2195 305 167 47 américains)

1296 349 0 36 a
1340 349 18 36 de
1399 349 56 37 quoi
1490 348 150 38 surprendre
1681 348 9 39 à
1722 348 118 39 première
1884 348 53 39 vue,
1969 348 53 40 mais
2066 347 44 41 d’un
2154 347 65 41 point
2254 347 21 42 de
2319 347 35 42 vue

1296 383 110 39 musical
1437 383 19 39 on
1497 383 19 39 ne
1553 383 57 40 peut
1644 382 38 41 que
1720 382 15 41 se
1776 381 104 43 féliciter
1915 381 18 43 de
1971 381 19 44 sa
2031 380 201 46 participation;

1294 424 70 41 Willie
1403 423 71 43 Dixon
1517 423 0 43 :
1548 422 432 48 chanteur-bassiste-imprésario
2019 422 18 48 de
2079 421 128 51 Chicago,
2239 421 35 51 est
2306 421 53 52 déjà

1297 463 52 35 venu
1393 463 54 35 avec
1491 463 28 36 les
1557 462 118 37 tournées
1719 462 19 37 de
1782 462 71 38 1962,
1888 462 52 38 1963
1982 462 16 38 et
2036 461 72 39 1964.
2143 461 8 39 Il
2184 461 88 40 dirigea
2313 461 38 40 une

1297 501 69 42 petite
1399 500 128 43 formation
1559 499 121 44 (Chicago
1713 499 69 44 Blues
1815 498 32 45 All
1870 498 82 45 Stars)
1978 497 141 46 composée
2152 497 36 46 des
2224 496 131 47 chanteurs

1297 535 19 38 ou
1359 535 137 38 musiciens
1533 535 110 37 suivants

1297 571 126 39 Lafayette
1462 571 76 38 Leake
1577 571 0 38 :
1612 571 101 38 pianiste
1754 571 20 38 de
1815 570 128 39 Chicago,
1973 570 28 38 où
2031 570 11 38 il
2072 570 35 38 est
2140 570 19 38 un
2200 570 36 37 des
2277 570 77 37 piliers

1299 605 36 38 des
1371 605 118 40 sessions
1525 606 259 43 d’enregistrements
1820 607 18 42 de
1874 607 67 44 blues
1977 608 57 44 pur;

1300 647 93 46 Shakey
1430 647 87 46 Horton
1551 647 0 46 :
1581 648 344 44 chanteur-harmoniciste,
1949 648 56 44 déjà
2032 648 107 44 présent
2166 649 37 42 aux
2240 649 117 42 tournées

1299 685 17 40 de
1352 685 85 41 l’AFBF
1473 685 16 42 de
1529 685 52 44 1965
1614 685 20 44 et
1663 685 79 46 1968;

1295 731 85 40 Clifton
1410 731 76 40 James
1519 731 0 40 :
1544 731 96 40 batteur
1670 731 19 40 de
1722 731 126 40 Chicago,
1873 731 35 40 est
1933 731 55 40 venu
2021 731 55 40 avec
2106 731 85 40 l’AFBF
2226 731 19 40 de
2281 731 80 40 1964;

1296 766 38 41 Lee
1366 766 106 41 Jackson
1508 766 0 41 :
1537 765 291 42 chanteur-guitariste,
1855 765 47 41 bien
1940 765 74 41 connu
2052 764 56 42 dans
2143 764 27 41 les
2208 764 91 41 milieux
2335 764 20 41 du

1294 803 65 40 blues
1394 803 19 41 de
1447 803 110 42 Chicago
1592 803 0 42 (
1620 803 38 42 une
1692 803 69 43 photo
1796 803 19 43 de
1852 803 16 43 ce
1903 803 128 44 bluesman
2066 803 0 44 a
2100 803 38 45 été
2166 803 95 45 publiée
2295 803 57 46 dans

1293 836 114 51 Jazz-hot
1439 837 18 50 de
1496 837 89 49 février
1617 837 71 49 1960,
1713 838 57 48 page
1809 838 36 47 17)

2094 870 109 44 Jacques
2236 864 116 49 Demêtre

1410 1106 60 54 IVAN

1388 1154 109 47 JULLIEN

1383 1201 30 47 big
1451 1203 56 47 band

1381 1257 19 46 au
1435 1258 76 50 Gibus

1293 1501 17 41 Le
1346 1500 70 42 grand
1451 1499 130 42 orchestre
1616 1498 73 42 d’lvan
1724 1498 77 42 Jullien
1833 1497 35 42 est
1898 1496 79 43 passé
2004 1496 49 42 tous
2089 1496 26 41 les
2153 1495 65 42 jeudi
2244 1495 18 42 de
2300 1494 56 42 sep¬

1295 1538 89 39 tembre
1423 1537 17 40 au
1479 1537 0 40 «
1515 1536 112 42 Gibus»
1659 1536 20 42 un
1715 1535 112 43 nouveau
1866 1535 43 43 club
1948 1535 42 43 fort
2023 1534 118 45 spacieux
2177 1534 20 45 et
2227 1533 19 46 au
2286 1533 65 46 cadre

1291 1573 42 39 très
1370 1573 134 39 agréable,
1535 1573 34 40 18,
1594 1573 33 40 rue
1664 1573 19 40 du
1723 1573 126 40 Faubourg
1885 1573 20 40 du
1947 1573 106 40 Temple,
2079 1573 8 41 à
2115 1573 56 41 deux
2208 1573 36 41 pas
2283 1573 17 41 de
2339 1573 9 41 la

1295 1608 63 39 Place
1398 1609 18 39 de
1455 1609 9 40 la
1500 1609 154 45 République

1292 1647 38 39 Les
1370 1646 192 39 arrangements
1599 1646 75 38 d’lvan
1714 1645 56 39 sont
1802 1645 8 38 à
1842 1645 11 38 la
1890 1645 40 38 fois
1968 1644 43 38 très
2048 1644 144 38 originaux,
2219 1643 43 38 très
2302 1643 56 37 cos¬

1293 1683 67 36 tauds
1394 1683 17 36 et
1439 1683 0 36 «
1473 1682 146 37 swinguent
1647 1682 0 36 »
1681 1681 16 37 au
1734 1680 146 38 maximum.
1908 1680 20 38 En
1961 1679 102 39 soliste,
2091 1678 45 39 lvan
2172 1678 37 39 est
2237 1677 120 40 vraiment

1292 1719 22 35 un
1361 1718 197 39 improvisateur
1602 1718 16 40 et
1658 1718 19 41 un
1724 1717 138 44 technicien
1909 1716 54 45 hors
2007 1716 78 38 ligne.
2120 1716 18 40 La
2185 1715 94 44 section
2330 1715 18 43 de

1290 1752 169 39 saxophones
1496 1752 35 39 est
1566 1753 187 38 certainement
1785 1753 10 38 la
1835 1753 121 38 meilleure
1998 1753 67 38 qu’on
2105 1754 27 37 ait
2167 1754 80 37 jamais
2284 1754 72 37 orga¬

1290 1789 64 39 nisée
1388 1789 20 39 en
1443 1789 103 40 France.
1572 1789 101 40 Gossez
1704 1789 17 40 et
1750 1789 155 41 Nourredine
1940 1789 25 41 lui
1994 1789 121 41 assurent
2144 1789 34 42 une
2215 1789 143 42 précision,

1292 1822 20 41 un
1348 1822 0 41 «
1380 1822 74 41 punch
1492 1822 0 41 »
1524 1822 174 41 remarquable
1733 1822 47 41 tout
1810 1822 17 41 en
1863 1822 8 41 la
1907 1822 91 41 faisant
2027 1822 121 41 vraiment
2177 1822 0 41 «
2210 1822 103 41 chanter
2345 1831 0 32 »

1293 1859 103 41 Garcia,
1431 1858 176 42 Chautemps,
1646 1858 138 42 Canillard,
1822 1857 154 43 Nourredine
2024 1857 16 43 et
2082 1856 99 44 Gossez
2226 1856 132 44 rivalisent

1291 1896 172 38 d’inspiration
1507 1896 19 38 en
1570 1895 66 40 solo.
1673 1895 60 40 Avec
1774 1895 28 40 les
1849 1895 129 41 Vaneyck,
2012 1895 28 42 les
2084 1894 107 43 Maurice
2241 1894 97 44 Thomas

1290 1935 28 36 les
1358 1934 107 37 Fernand
1508 1933 160 39 Verstraete,
1696 1932 27 40 les
1763 1932 95 40 Russo,
1889 1931 28 41 les
1957 1931 58 41 Poli,
2046 1931 6 41 la
2092 1930 92 43 section
2227 1930 18 43 de
2282 1929 74 44 trom¬

1291 1964 59 48 pette
1399 1964 36 47 est
1475 1964 157 47 fulgurante.
1671 1964 36 45 Les
1756 1964 148 45 trombones
1949 1964 86 44 menés
2080 1964 40 43 par
2162 1964 125 42 Paquinet
2329 1964 20 41 ou

1293 2004 143 39 Bolognesi
1463 2004 55 38 avec
1553 2003 102 39 Massot
1685 2003 19 38 au
1740 2002 128 39 trombone
1904 2002 71 38 basse
2013 2001 55 39 sont
2095 2001 118 38 parfaits.
2243 2000 113 39 Vasseur

1289 2038 20 39 et
1337 2038 143 39 Bolognesi
1505 2038 17 39 se
1561 2037 0 40 «
1595 2037 171 40 défoncent»
1800 2037 19 40 en
1856 2037 64 40 solo.
1946 2037 36 40 Les
2019 2037 56 40 deux
2111 2036 51 41 cors
2195 2036 152 41 d’harmonie

1290 2075 18 36 et
1346 2075 10 36 le
1400 2074 207 42 soubasophone
1651 2074 56 44 sont
1745 2074 57 45 pour
1839 2074 132 36 beaucoup
2019 2074 56 36 dans
2116 2073 9 37 la
2169 2073 179 37 merveilleuse

1290 2110 102 37 couleur
1427 2110 85 37 sonore
1552 2109 19 37 de
1611 2109 35 37 cet
1678 2109 147 37 orchestre.
1852 2109 19 37 La
1908 2109 134 37 rythmique
2082 2108 37 38 est
2151 2108 35 37 une
2226 2108 38 37 des
2304 2108 45 37 plus

1292 2145 0 39 «
1325 2145 157 40 swinguante
1518 2145 0 40 »
1554 2144 36 41 que
1626 2144 55 42 nous
1717 2144 72 42 ayons
1825 2144 141 43 entendues
2002 2143 150 45 (Cecarelli,
2178 2143 177 46 Chantereau,

1291 2182 122 39 Samson,
1448 2181 75 44 Pierre
1567 2181 79 45 Cullaz
1687 2181 18 36 et
1743 2180 94 37 Michel
1872 2180 126 37 Grallier).
2035 2180 22 37 Un
2104 2179 70 38 grand
2218 2179 128 38 orchestre

1291 2219 34 38 qui
1360 2218 0 39 a
1400 2218 98 39 comblé
1532 2217 28 40 les
1598 2216 69 41 vœux
1705 2216 37 41 des
1783 2214 207 43 professionnels
2031 2214 19 43 et
2084 2213 38 44 des
2159 2212 126 45 amateurs
2326 2212 18 45 de

1288 2252 44 42 jazz
1369 2252 55 41 mais
1461 2251 37 42 qui
1527 2251 0 41 a
1567 2251 110 41 emballé
1708 2251 49 40 tous
1794 2250 58 41 ceux
1889 2250 38 40 des
1967 2250 86 40 grands
2093 2249 136 40 musiciens
2269 2249 86 39 améri¬

1289 2289 81 40 cains,
1400 2288 18 41 de
1457 2288 111 41 passage
1607 2287 18 42 ou
1664 2287 114 42 résident
1811 2286 10 43 à
1848 2286 78 42 Paris,
1956 2286 36 42 qui
2025 2285 36 43 ont
2091 2285 21 43 eu
2151 2284 135 44 l’occasion
2325 2284 21 44 de

1289 2324 153 42 l’entendre.

1288 2394 20 49 Le
1349 2394 163 49 tromboniste
1553 2396 92 46 Michel
1679 2397 123 45 Paquinet
1832 2398 38 43 est
1900 2398 103 43 décédé
2033 2399 10 42 à
2074 2399 10 42 la
2122 2399 58 42 suite
2220 2400 45 40 d’un
2306 2401 47 39 ma¬

1288 2436 54 44 laise
1384 2436 132 44 cardiaque
1554 2437 106 43 survenu
1702 2437 57 43 alors
1801 2437 54 43 qu’il
1888 2437 73 43 jouait
1993 2437 20 43 au
2051 2437 45 43 sein
2138 2438 19 42 de
2199 2438 147 42 l’orchestre

1288 2477 19 40 de
1342 2476 148 41 l’Olympia.
1519 2474 151 43 Transporté
1702 2473 132 44 d’urgence
1872 2473 55 44 dans
1965 2472 20 45 un
2020 2472 96 45 hôpital
2145 2471 10 46 il
2180 2471 33 46 fut
2241 2470 113 47 renvoyé

1289 2512 56 38 chez
1379 2512 24 38 lui
1431 2511 70 39 après
1538 2511 19 40 un
1594 2511 49 40 bref
1674 2510 98 41 examen
1809 2510 55 41 dont
1892 2510 28 41 les
1956 2509 166 43 conclusions
2159 2508 120 44 n’étaient
2310 2508 37 44 pas

1290 2548 167 39 alarmantes.
1492 2548 45 39 Une
1582 2547 128 41 deuxième
1752 2547 96 41 attaque
1893 2547 9 41 le
1944 2546 109 42 terrassa
2094 2545 119 44 pourtant
2248 2545 10 44 le
2306 2545 45 44 soir

1289 2582 73 37 même
1409 2582 9 37 à
1454 2582 38 37 son
1536 2581 129 39 domicile.
1704 2581 94 39 Michel
1833 2581 135 39 Paquinet,
2001 2581 29 39 fils
2077 2580 18 41 de
2142 2580 47 41 Guy
2233 2580 18 41 et
2289 2580 56 41 frère

1288 2616 122 43 d’André,
1439 2616 60 43 outre
1535 2616 38 43 son
1612 2615 86 44 travail
1727 2614 106 45 régulier
1865 2614 9 45 à
1903 2613 144 46 l’Olympia,
2076 2613 58 46 était
2163 2612 189 47 extrêmement

1288 2656 55 45 actif
1378 2655 54 39 dans
1474 2655 26 39 les
1541 2655 93 39 studios
1676 2653 276 41 d’enregistrements.
1984 2653 13 41 Il
2029 2653 58 41 était
2119 2653 45 41 âgé
2199 2652 19 42 de
2260 2652 93 42 trente¬

1287 2693 56 39 neuf
1372 2693 38 39 ans
1443 2693 17 40 et
1490 2693 50 40 père
1578 2693 21 41 de
1634 2693 56 42 deux
1725 2693 115 43 enfants.

1287 2778 99 41 Martial
1420 2778 67 41 Solal
1521 2777 46 42 doit
1601 2776 157 42 enregistrer
1792 2776 18 42 un
1853 2776 28 42 L.P
1933 2775 108 43 courant
2072 2774 101 44 octobre
2213 2773 56 44 avec
2309 2773 37 44 son

1284 2815 114 39 nouveau
1437 2814 33 40 trio
1509 2814 109 41 (Gilbert
1651 2814 90 41 Rovére
1783 2814 18 41 et
1834 2813 54 42 J.-F.
1918 2813 184 43 Jenny-Clark,
2135 2812 216 44 contrebasses).

1289 2899 227 44 MusidiscEurope
1566 2899 64 44 vient
1673 2898 140 46 d’acquérir
1857 2898 26 46 les
1934 2897 70 47 droits
2054 2897 17 47 de
2121 2896 157 49 distribution
2325 2896 20 49 en

1287 2940 84 44 France
1410 2940 18 44 du
1467 2940 133 44 catalogue
1639 2940 51 43 MPS
1735 2940 93 43 SABA.
1858 2940 81 43 Douze
1978 2940 93 43 albums
2108 2940 183 42 actuellement
2324 2940 18 42 en

1289 2976 157 53 préparation
1483 2975 120 52 sortiront
1633 2974 105 53 courant
1768 2973 101 53 octobre
