2480 3186
1303 1190 166 45 L’Orchestre
1505 1190 77 45 d’Ivan
1617 1189 77 45 Jullien
1732 1189 55 45 sous
1822 1189 13 45 le
1870 1188 131 46 chapiteau
2040 1188 19 45 de
2101 1187 157 46 Vincennes.

1308 1281 62 41 Nous
1405 1280 110 42 pensons
1553 1279 119 42 vraiment
1700 1279 38 41 que
1772 1278 63 42 c’est
1863 1278 16 42 là
1907 1278 10 42 la
1951 1277 123 43 meilleure
2111 1277 88 42 grande
2237 1276 125 43 formation

1306 1320 39 39 que
1381 1319 40 40 l’on
1463 1318 79 41 puisse
1585 1317 117 42 entendre
1742 1316 186 43 actuellement
1961 1316 17 43 en
2017 1315 111 44 Europe.
2158 1314 39 45 Les
2236 1313 66 46 chefs
2345 1313 19 46 de

1306 1355 91 41 pupitre
1438 1354 53 42 sont
1522 1354 79 42 parmi
1632 1354 26 42 les
1695 1354 123 42 meilleurs
1859 1353 135 43 musiciens
2035 1353 91 43 actuels
2167 1353 0 43 :
2201 1352 171 44 Nourredine,

1308 1390 113 40 Gossez,
1458 1389 79 41 André
1574 1388 132 41 Paquinet,
1744 1387 122 42 Vasseur,
1901 1386 154 43 Bolognesi,
2092 1385 129 44 Vaneyck,
2256 1384 106 44 Maurice

1311 1423 145 44 Thomas,...
1481 1423 68 44 l’élite
1587 1423 39 44 des
1664 1423 135 44 musiciens
1838 1424 19 43 de
1896 1424 67 43 grand
2001 1424 129 43 orchestre

1307 1465 36 44 Les
1379 1465 57 43 deux
1469 1465 49 43 cors
1551 1465 153 42 d’harmonie
1740 1465 0 40 :
1764 1465 109 40 Justafré
1900 1465 18 39 et
1948 1465 87 39 Valada
2068 1465 18 38 et
2116 1465 9 37 le
2158 1465 205 37 soubasophone

1306 1500 63 45 Marc
1408 1500 107 45 Steckar
1547 1500 113 45 ajoutent
1692 1500 11 44 à
1731 1500 11 44 la
1777 1500 117 44 sonorité
1926 1500 159 44 d’ensemble
2124 1500 36 43 une
2202 1500 163 43 atmosphère

1304 1542 157 40 moelleuse,
1490 1542 117 39 étrange.
1636 1541 19 39 La
1692 1541 134 39 rythmique
1866 1540 98 39 carbure
2003 1539 65 40 d’une
2107 1539 68 39 façon
2211 1538 152 40 fantastique

1308 1577 54 46 avec
1405 1576 94 46 Michel
1532 1575 113 46 Grallier,
1679 1574 73 47 Pierre
1795 1573 97 47 Cullaz,
1922 1572 67 47 Jacky
2032 1571 124 47 Samson,
2189 1569 130 48 Cecarelli
2353 1569 16 47 et

1307 1612 178 44 Chantereau.

1307 1656 37 41 Les
1385 1656 0 42 «
1426 1655 170 49 Swingers»
1637 1654 17 47 et
1688 1654 27 48 les
1756 1654 0 43 «
1797 1653 58 49 Four
1892 1653 123 47 Bones»
2056 1652 37 45 ont
2130 1652 55 44 joué
2219 1652 37 43 eux
2301 1651 68 42 aussi

1306 1696 92 40 comme
1440 1695 40 41 des
1519 1694 66 42 fous.
1621 1694 0 42 «
1660 1693 59 43 Frick
1761 1692 17 44 »,
1811 1690 131 46 Chambon
1981 1690 20 46 et
2037 1688 88 48 Badini
2158 1688 36 46 ont
2230 1686 141 46 improvisé

1308 1732 19 36 de
1372 1729 160 39 merveilleux
1577 1728 58 39 soli,
1670 1727 48 40 bien
1763 1725 125 42 soutenus
1933 1724 39 43 par
2017 1723 74 44 Teddy
2135 1721 100 45 Martin,
2273 1720 90 46 Gérard

1307 1762 111 43 Gambus
1448 1762 18 42 et
1494 1762 99 42 Ricardo
1626 1762 132 41 Galeazzi.
1785 1762 46 41 Très
1864 1762 57 40 bons
1951 1762 195 40 arrangements
2179 1762 19 39 de
2234 1762 0 39 «
2267 1762 57 38 Frick
2360 1773 0 27 »

1307 1800 20 40 de
1371 1800 86 40 Badini
1495 1800 17 40 et
1548 1799 20 41 de
1612 1799 91 41 Claude
1748 1799 105 41 Bolling.
1891 1799 59 41 Pour
1988 1799 27 41 les
2062 1798 0 42 «
2106 1798 56 42 Four
2200 1798 79 42 Bones

1307 1846 0 42 «
1347 1846 55 42 Frick
1442 1845 16 43 »,
1488 1845 121 43 Fuentès,
1642 1844 131 44 Camicas,
1806 1844 111 44 Vasseur
1950 1843 19 45 et
1999 1843 118 45 Gousset
2150 1843 16 45 de
2209 1842 157 46 merveilleux

1354 1882 134 37 chases»
1530 1882 17 38 et
1586 1881 36 40 des
1668 1881 46 42 soli
1750 1880 121 45 inspirés.
1913 1879 46 44 Très
2001 1879 59 44 bons
2106 1877 193 48 arrangements
2345 1877 16 46 de

1307 1918 0 39 «
1343 1918 57 39 Frick
1439 1917 15 40 ».
1481 1917 36 40 Les
1556 1916 87 41 Voices
1679 1916 18 40 of
1727 1916 54 40 East
1811 1915 82 41 Harlem
1941 1915 54 41 sont
2025 1914 141 42 constitués
2202 1913 66 42 d’une
2304 1913 66 42 ving¬

1306 1955 58 38 taine
1404 1954 19 38 de
1461 1954 82 38 jeunes
1583 1954 0 37 «
1621 1953 141 38 harlemites
1802 1953 0 37 »
1840 1952 37 38 qui
1909 1952 131 38 chantent,
2069 1951 110 38 dansent
2213 1951 16 37 et
2264 1950 0 38 «
2299 1950 69 37 swin¬

1309 1990 74 41 guent
1415 1990 17 40 »,
1459 1990 47 39 bien
1547 1989 120 40 soutenus
1706 1988 38 39 par
1777 1988 38 38 une
1853 1987 134 39 rythmique
2026 1986 104 38 d’acier.
2160 1986 25 37 Un
2226 1986 0 36 «
2264 1985 55 37 show

1306 2025 108 44 musical
1440 2025 40 43 que
1513 2024 65 44 seuls
1611 2024 36 44 des
1683 2023 82 45 jeunes
1801 2022 59 45 noirs
1896 2021 151 46 américains
2083 2020 111 46 peuvent
2224 2019 137 47 concevoir

1309 2134 31 44 13e
1369 2133 138 45 FESTIVAL
1545 2132 25 44 DE
1608 2131 164 45 MONTEREY

1310 2212 65 44 Voici
1406 2212 6 44 le
1452 2212 153 43 programme
1645 2212 185 43 communiqué
1861 2212 73 42 début
1965 2212 145 42 septembre

1304 2276 16 40 18
1358 2276 163 41 septembre,
1550 2276 18 42 21
1603 2276 0 42 h
1644 2276 0 42 :
1675 2276 60 42 Duke
1776 2276 132 43 Ellington,
1939 2277 98 43 Modern
2074 2277 51 44 Jazz
2162 2277 117 44 Quartet,
2307 2277 56 45 Jules

1305 2309 151 48 Weidsberg
1497 2313 103 46 Quintet

1309 2355 16 43 19
1361 2355 163 43 septembre,
1555 2355 15 42 13
1607 2355 0 42 h
1647 2355 15 42 30
1702 2355 0 41 :
1733 2355 86 41 Johnny
1859 2355 64 41 Otis,
1951 2355 55 41 show
2052 2355 0 40 :
2083 2355 89 40 Rhythm
2218 2355 40 40 and
2295 2355 71 39 Blues

1311 2394 31 43 All
1370 2394 19 43 of
1421 2394 66 43 Fame
1528 2394 31 43 All
1590 2394 63 44 Stars
1694 2394 54 44 avec
1788 2394 76 44 Jimmy
1905 2394 122 44 Rushing,
2062 2394 88 45 T-Bone
2191 2394 110 45 Walker,
2332 2394 35 45 Big

1306 2430 31 42 Joe
1384 2429 98 43 Turner,
1516 2428 104 43 Charles
1664 2427 97 44 Brown,
1799 2427 41 44 Roy
1881 2426 97 44 Milton,
2016 2426 66 44 Eddie
2129 2425 0 45 «
2173 2424 193 46 Cleanhead»

1308 2465 104 43 Vinson,
1440 2466 42 42 Roy
1516 2466 101 44 Brown,
1646 2467 28 44 etc

1312 2501 13 47 19
1365 2502 164 46 septembre,
1563 2504 16 43 20
1619 2505 0 42 h
1666 2506 14 41 15
1723 2507 0 40 :
1757 2499 93 48 Woody
1890 2500 121 46 Herman,
2044 2502 167 44 Cannonball
2245 2506 134 39 Adderley.

1305 2541 106 45 quintet,
1435 2542 34 44 Joe
1503 2542 132 45 Williams,
1663 2543 40 44 Slim
1748 2544 37 44 and
1823 2544 51 44 Slam
1918 2544 99 45 quartet
2044 2545 54 44 avec
2136 2546 0 44 :
2163 2546 41 44 Slim
2248 2546 125 45 Gaillard,

1306 2582 49 42 Slam
1407 2582 120 42 Stewart,
1559 2582 49 42 Milt
1642 2582 115 42 Buckner
1792 2582 20 42 et
1843 2582 15 42 Jo
1898 2582 69 42 Jones

1308 2623 16 47 20
1359 2623 164 47 septembre,
1552 2623 12 45 13
1600 2623 0 45 h
1635 2623 19 44 30
1693 2623 0 44 :
1721 2623 100 44 Modern
1856 2624 48 42 Jazz
1940 2624 115 41 Quartet,
2084 2624 167 40 Cannonball
2279 2624 93 39 Adder¬

1308 2663 45 38 ley,
1385 2662 83 39 Gabor
1507 2662 77 40 Szabo
1626 2661 93 41 sextet,
1751 2661 42 41 Bill
1825 2660 73 43 Evans
1943 2660 39 43 Trio
2027 2659 51 44 avec
2123 2659 129 45 l’Oakland
2300 2658 67 46 Youth

1308 2699 126 40 Chamber
1464 2698 154 41 Orchestra,
1645 2698 75 41 Prince
1756 2698 99 41 Lasha’s
1891 2698 117 41 Firebirds
2044 2698 54 41 avec
2126 2697 81 42 Sonny
2231 2697 142 42 Simmons.

1309 2736 18 37 20
1370 2735 163 38 septembre,
1568 2735 17 37 19
1625 2734 0 38 h
1671 2734 15 38 15
1732 2734 0 38 :
1766 2733 81 39 Buddy
1893 2733 45 39 Rich
1984 2732 147 40 orchestra,
2165 2732 84 39 Gabor
2289 2731 75 40 Szabo

1306 2771 95 41 sextet,
1424 2770 59 42 Leon
1523 2770 114 43 Thomas,
1664 2769 82 44 Sonny
1778 2769 53 44 Stitt
1860 2769 20 44 et
1910 2769 62 45 Gene
2008 2768 118 46 Ammons

1306 2811 177 44 Louis-Victor
1513 2811 65 44 Mialy
1614 2811 17 43 et
1660 2810 59 44 Ross
1752 2810 105 44 Russeli
1883 2809 154 45 assurerent
2063 2809 10 45 le
2109 2809 95 44 compte
2240 2808 69 45 rendu
2348 2808 20 45 de

1308 2851 19 42 ce
1368 2850 105 51 festival
1506 2849 57 49 pour
1604 2849 0 46 «
1645 2848 116 46 Jazz-Hot
1802 2848 15 42 »,
1851 2847 7 43 à
1896 2846 101 52 paraître
2042 2846 56 51 dans
2143 2845 60 54 notre
2248 2844 116 53 prochain

1305 2881 100 50 numéro

1310 2968 27 53 4—
1412 2969 90 50 Johnny
1537 2970 96 53 Griffin,

226 1274 122 71 JAZZ
427 1274 16 71 à
501 1275 16 70 la
597 1272 90 73 FÊTE
767 1276 32 69 de
873 1270 175 75 l’HUMA

119 1364 163 55 Encouragés
328 1364 39 54 par
406 1364 143 44 l’affluence
596 1364 82 44 record
724 1364 20 44 de
790 1364 89 44 l’année
926 1362 93 46 passée
1066 1357 54 51 sous
1170 1355 8 53 le

119 1407 131 44 chapiteau
293 1407 16 44 du
348 1407 62 44 jazz,
443 1406 40 45 lors
522 1406 20 45 de
584 1406 10 45 la
637 1405 45 46 Fête
725 1405 20 46 de
787 1404 105 47 l’Huma,
925 1404 23 41 (la
990 1403 109 41 dernière
1141 1403 36 44 des

121 1442 105 44 grandes
268 1441 60 44 fêtes
373 1441 144 43 populaires
562 1441 18 41 de
625 1441 9 40 la
680 1440 78 41 région
803 1440 174 40 parisienne),
1013 1439 27 39 les
1085 1439 96 38 organi¬

119 1480 95 36 sateurs
256 1479 20 37 de
318 1478 59 38 cette
420 1476 186 41 manifestation
652 1474 102 43 avaient
790 1473 49 44 tenu
881 1473 10 44 à
927 1472 82 46 mettre
1052 1471 36 47 sur
1127 1470 49 48 pied

117 1515 58 49 pour
206 1515 58 45 cette
301 1514 75 43 année
410 1513 21 41 un
465 1512 156 44 programme
659 1511 20 46 de
713 1511 45 46 jazz
792 1510 20 48 de
846 1509 92 50 qualité

119 1555 115 41 Pendant
262 1555 29 41 les
328 1555 55 40 deux
423 1556 58 39 jours
518 1556 20 39 de
576 1556 8 39 la
622 1556 48 39 Fête
711 1556 17 38 de
768 1556 86 38 l’Huma
895 1556 37 38 (les
972 1557 18 37 12
1024 1557 20 36 et
1076 1557 14 36 13
1128 1557 57 36 sep¬

119 1597 89 42 tembre
245 1596 110 43 dernier)
385 1596 17 43 un
440 1594 136 45 nombreux
610 1593 76 46 public
720 1593 0 46 a
757 1592 17 47 pu
815 1591 116 48 entendre
965 1590 89 49 Johnny
1091 1589 93 50 Griffin,

120 1628 81 46 Kenny
244 1628 81 47 Drew,
361 1628 202 48 Niels-Henning
609 1628 241 49 Orsted-Pedersen
896 1628 18 38 et
953 1628 35 40 Art
1027 1628 103 43 Taylor;
1169 1628 7 44 le

120 1668 67 40 grand
226 1667 128 41 orchestre
392 1667 74 41 d’lvan
502 1666 77 42 Jullien
617 1665 170 44 comprenant
816 1663 167 46 vingt-quatre
1021 1662 164 47 musiciens;

118 1704 37 37 Les
195 1703 168 38 Swingers»
401 1703 18 37 et
454 1703 29 37 les
523 1702 0 38 «
563 1702 56 38 Four
657 1701 120 38 Bones»
817 1701 19 38 de
878 1701 115 38 François
1036 1701 0 37 «
1076 1700 101 38 Frick»

118 1739 84 39 Guin;
230 1739 61 39 Mojo
331 1739 37 39 and
405 1739 29 39 his
471 1739 112 39 Musical
612 1738 101 40 Family,
741 1738 20 40 un
799 1738 43 40 très
879 1738 37 40 bon
957 1738 57 40 petit
1045 1738 130 40 orchestre

122 1775 18 42 de
175 1775 56 42 style
269 1774 163 43 traditionnel
464 1774 28 43 et,
520 1774 79 43 enfin,
630 1774 35 43 The
706 1774 84 43 Voices
828 1773 19 44 of
878 1773 54 44 East
963 1773 107 44 Harlem.

118 1820 87 38 Johnny
244 1820 63 37 s’est
340 1819 128 38 surpassé
501 1818 16 39 et
550 1818 36 38 ses
627 1817 134 39 nombreux
799 1815 167 40 admirateurs
1004 1815 19 40 ne
1064 1814 118 40 l’avaient

116 1856 84 44 jamais
236 1855 106 44 entendu
381 1855 18 42 en
438 1855 69 41 aussi
537 1855 87 40 grande
661 1854 90 40 forme.
778 1854 78 39 Kenny
895 1854 57 37 Drew
997 1853 34 37 est
1061 1853 123 36 demeuré

119 1890 20 39 un
178 1890 37 39 des
254 1890 48 39 plus
341 1890 87 39 grands
468 1890 120 38 pianistes
628 1890 109 38 actuels,
771 1890 84 38 Orsted
897 1890 124 38 Pedersen
1063 1890 34 37 est
1130 1890 48 37 bien

118 1927 10 39 le
169 1926 160 40 merveilleux
370 1925 204 42 contrebassiste
618 1925 66 42 qu’un
724 1924 104 43 concert
859 1924 19 43 et
913 1924 28 44 les
979 1923 103 45 disques
1120 1923 60 45 nous

116 1959 104 43 avaient
252 1955 84 48 révêlé

120 2007 37 42 Art
194 2006 77 43 Taylor
307 2006 27 43 n’a
378 2005 76 44 cessé
491 2004 17 45 de
551 2003 154 46 progresser
742 2002 83 47 depuis
868 2001 121 48 quelques
1029 2000 93 49 années
1166 2000 16 49 et

119 2046 0 40 a
160 2046 36 40 été
231 2045 50 40 tout
311 2045 8 39 à
352 2045 11 39 la
404 2044 38 40 fois
481 2044 41 39 très
563 2043 104 39 efficace
708 2043 16 38 et
760 2042 41 39 très
842 2041 107 39 brillant.
979 2041 19 38 Le
1039 2040 71 38 grand
1151 2040 33 37 or¬

119 2077 98 47 chestre
260 2076 72 39 d’lvan
375 2076 78 39 Jullien
496 2076 0 38 a
538 2076 20 38 un
604 2075 134 39 répertoire
781 2075 55 39 déjà
873 2075 42 39 fort
951 2074 134 39 important
1125 2074 59 39 d’ar¬

121 2114 162 38 rangements
330 2113 73 39 super
444 2112 156 40 swinguants
647 2112 68 40 écrits
762 2111 39 41 par
842 2111 64 41 lvan.
945 2109 156 43 L’orchestre
1151 2109 32 43 est

119 2171 160 20 illailitenlanit
314 2148 183 43 Parlditement
532 2148 61 43 rodé
628 2148 16 43 et
683 2148 10 43 il
728 2148 74 43 sonne
846 2147 234 44 magnifiquement
1119 2147 48 44 bien

117 3039 29 58 32
