2480 3180
102 116 101 60 m’invite
235 114 9 60 à
268 114 63 59 venir
360 111 100 61 prendre
492 117 22 53 un
546 113 63 56 verre
641 113 55 55 chez
724 109 38 58 lui,
782 113 59 53 nous
873 114 126 50 écoutons
1027 100 142 62 quelques¬

104 174 35 38 uns
178 173 19 39 de
235 172 35 40 ses
309 171 102 41 disques
450 170 19 42 et
501 170 58 42 nous
597 168 160 44 bavardons.
789 167 10 45 Il
828 167 25 45 me
895 166 26 38 dit
956 165 54 43 qu’à
1039 165 39 40 son
1116 164 45 36 avis

104 207 89 38 Claude
234 206 102 37 Delcloo
378 205 34 37 est
448 205 18 36 un
506 204 44 36 très
589 204 39 35 bon
672 202 123 37 drummer
831 201 58 36 (avis
928 201 39 35 que
1011 200 8 35 je
1061 199 99 35 partage

102 245 9 37 à
143 242 135 40 l’encontre
317 241 17 39 de
376 239 129 40 beaucoup
537 238 12 40 !)
579 237 17 40 et
629 236 38 41 que
705 236 9 40 le
752 233 118 43 musicien
908 231 127 43 européen
1076 230 18 43 en
1132 229 38 43 qui

102 277 9 41 il
136 276 58 42 croit
219 276 12 41 le
265 275 46 42 plus
345 275 34 41 est
403 274 95 42 Joachim
541 273 80 42 Kuhn.
646 272 9 42 Il
680 272 55 42 aime
769 270 147 43 également
944 269 132 43 beaucoup
1110 268 49 42 John

105 311 120 40 Surman,
252 310 54 40 avec
345 310 36 39 qui
411 309 9 40 il
447 308 87 41 espère
573 307 157 41 enregistrer
763 305 216 42 prochainement
1009 304 9 41 à
1048 303 123 42 Londres.

104 347 98 43 Séance
234 346 109 42 suivante
377 346 0 40 :
403 345 69 41 Chick
509 344 75 41 Corea
618 343 38 40 aux
687 343 0 39 «
722 343 0 39 A
759 342 0 39 &
793 342 0 39 R
831 341 100 39 Studios
966 341 17 38 ».
1006 340 63 38 Deux
1100 339 64 38 titres

103 384 54 40 sont
184 383 36 40 mis
256 383 19 40 en
311 381 57 41 boîte
404 381 18 40 ce
455 380 48 41 soir
533 379 27 41 là.
590 378 46 42 Très
669 377 39 42 bon
744 375 132 44 ingénieur
906 374 21 43 du
963 373 55 44 son,
1045 372 36 44 qui
1108 371 54 45 aime

105 422 17 37 et
161 419 135 39 comprend
343 418 9 38 la
399 416 110 39 musique
554 414 56 39 qu’il
646 411 157 41 enregistre.
843 409 114 41 Musique
1005 406 166 42 absolument

105 454 158 42 démentielle
303 453 64 41 jouée
404 452 37 41 par
476 451 112 41 Anthony
622 450 121 41 Braxton,
771 449 64 40 Dave
872 447 120 41 Holland,
1021 447 66 40 Barry
1127 446 43 39 Alt¬

103 492 72 43 schul
202 491 18 43 et
251 491 69 43 Chick
356 490 36 43 sur
422 490 36 42 une
497 489 124 43 multitude
657 488 190 43 d’instruments
883 487 94 42 divers.

95 538 21 37 Je
158 536 43 47 rate
243 535 11 48 la
297 533 92 48 séance
435 532 17 41 de
495 530 89 49 Wayne
630 528 102 49 Shorter
771 526 64 49 (avec
881 525 39 45 Ron
966 523 100 51 Carter,
1101 521 71 46 Cecil

100 570 30 43 Mc
169 569 60 43 Bee,
262 568 51 43 Billy
355 567 73 43 Harp,
461 567 18 42 un
521 565 144 43 guitariste,
698 565 18 41 et
752 564 54 41 deux
848 563 109 41 batteurs
999 561 168 41 supplémen¬

100 608 88 40 taires)
220 607 53 40 mais
314 606 106 40 j’assiste
461 605 9 40 à
503 604 38 41 une
582 603 71 41 partie
694 603 17 40 de
753 602 11 40 la
803 601 91 41 séance
935 599 91 42 Dexter
1064 598 97 42 Gordon

101 643 56 44 pour
189 641 130 44 Prestige.
345 640 62 43 Dex,
433 638 100 43 Wynton
572 637 79 42 Kelly,
678 636 41 41 Sam
766 634 70 42 Jones
872 634 17 40 et
919 633 44 40 Roy
998 631 95 41 Brooks
1131 630 35 40 en¬

99 679 138 45 registrent
265 677 159 47 notamment
453 676 53 48 Star
538 675 53 49 eyes
626 675 18 49 et
672 673 103 51 Jumpin'
803 672 29 48 the
871 671 63 47 blues

105 809 64 17 IE**
206 809 155 16 BIIIGIVOLA
439 805 65 18 IVEYY
543 805 80 17 IVIILEO

105 848 21 42 Le
163 847 40 42 jazz
238 847 8 41 à
272 846 46 42 New
364 845 49 41 York
451 844 63 41 c’est
543 844 86 40 encore
666 843 26 40 les
729 842 133 40 concerts.
891 841 8 39 Il
928 841 0 38 y
962 841 18 38 en
1017 840 0 38 a
1054 840 55 38 deux
1146 839 21 37 ou

105 885 54 40 trois
201 885 36 39 par
277 883 126 41 semaine,
436 882 57 41 dans
535 882 27 40 les
604 880 109 42 endroits
755 880 30 41 les
827 879 45 41 plus
914 876 259 44 invraisemblables.

106 918 62 44 Dans
204 917 27 44 les
267 916 69 45 rues,
362 916 26 44 les
424 915 85 45 parcs,
536 915 29 44 les
598 913 213 45 appartements,
837 913 26 43 les
899 912 82 44 clubs,
1011 912 26 43 les
1073 911 102 44 stades,

103 957 28 41 les
170 955 154 42 gymnases,
349 955 29 41 les
413 953 122 43 bateaux,
564 953 29 42 les
628 951 138 44 musées...
795 950 134 43 Beaucoup
968 949 54 43 sont
1058 948 112 44 gratuits.

103 991 21 45 En
166 990 136 48 regardant
336 989 11 42 la
389 988 107 49 dernière
538 988 59 46 page
639 987 17 41 du
698 987 0 41 «
740 986 87 49 Village
872 985 129 45 Voice»,
1028 985 14 43 je
1084 984 80 38 trouve

101 1028 21 40 un
160 1025 104 43 concert
292 1024 90 43 gratuit
410 1022 52 45 avec
500 1021 73 45 Chico
611 1019 118 47 Hamilton
768 1018 17 47 et
816 1017 18 48 un
872 1016 59 48 autre
969 1014 55 50 avec
1062 1012 98 52 Richard

103 1062 86 42 Davis.
214 1062 9 41 Il
245 1061 27 42 me
306 1061 49 42 sera
389 1058 258 44 malheureusement
674 1057 148 43 impossible
853 1056 30 43 d’y
914 1056 68 43 aller.
1006 1055 40 43 Par
1074 1054 98 44 contre,

106 1102 19 42 un
160 1100 132 44 dimanche
327 1099 61 45 soir,
414 1098 10 46 il
453 1098 0 46 y
488 1098 0 46 a
526 1097 20 40 un
584 1095 103 45 concert
719 1094 58 44 dans
818 1093 126 44 Tompkins
982 1091 93 43 Square
1114 1090 51 44 Park

105 1134 57 40 avec
201 1134 21 39 un
264 1133 90 40 groupe
397 1132 18 40 de
457 1130 153 42 chanteurs,
643 1129 54 41 Elvin
739 1128 69 42 Jones
850 1128 18 41 et
904 1127 52 42 Pete
998 1126 114 42 Seeger.
1145 1125 18 42 Le

102 1170 90 41 groupe
234 1168 82 41 d’Elvin
358 1166 131 42 comprend
532 1164 61 41 Dave
635 1163 82 41 Amram
767 1162 51 40 (une
857 1160 73 41 vieille
972 1157 188 43 connaissance

105 1206 21 41 du
159 1205 78 41 temps
273 1204 27 42 où
327 1204 12 41 il
363 1203 75 42 jouait
468 1202 9 42 à
504 1202 60 42 Paris
600 1201 55 42 avec
694 1200 81 42 Bobby
808 1198 111 43 Jaspar),
949 1197 96 43 Pepper
1078 1196 87 43 Adams

106 1243 16 37 et
154 1242 19 37 un
211 1241 128 38 bassiste.
368 1240 78 37 Bonne
486 1239 77 37 soirée
600 1238 54 37 mais
691 1237 40 37 rien
771 1237 19 37 de
830 1235 110 38 spécial.
969 1235 11 37 le
1020 1234 26 37 me
1087 1233 85 38 rattra¬

105 1276 71 43 perai
207 1275 18 43 en
268 1274 71 43 allant
376 1272 92 44 ensuite
508 1272 18 43 au
569 1270 86 45 Slugs'
689 1269 49 44 tout
772 1268 105 45 proche.
911 1266 113 45 Concert
1058 1264 114 46 spirituel

106 1312 19 39 au
161 1311 87 39 Judson
287 1310 52 39 Hall
366 1309 0 39 :
396 1309 0 39 «
432 1308 82 40 Songs
550 1308 19 38 of
596 1307 66 39 inner
695 1305 148 40 freedom»
879 1304 54 39 avec
969 1303 63 39 Larry
1070 1302 107 39 Coryell.

108 1349 18 37 et
155 1348 50 38 John
243 1345 178 41 McLaughlin,
450 1345 0 40 «
484 1344 35 41 and
556 1343 107 42 wives»
698 1341 97 43 précise
830 1341 9 43 le
873 1338 176 46 programme.
1078 1338 18 45 En
1131 1337 41 46 fait

106 1379 8 41 il
143 1379 0 41 y
177 1379 52 40 aura
264 1378 37 41 une
338 1378 75 40 bonne
450 1378 121 39 douzaine
608 1378 18 38 de
663 1377 37 38 ces
735 1377 83 38 dames
855 1377 35 37 sur
921 1376 92 37 scène,
1042 1376 37 36 qui
1105 1376 66 36 vien¬

108 1417 69 38 dront
205 1416 78 39 toutes
318 1416 9 38 à
352 1415 50 39 tour
431 1415 18 39 de
484 1414 44 40 rôle
562 1413 101 41 exhaler
691 1413 41 40 une
766 1412 85 41 plainte
885 1410 135 43 orientale,
1045 1410 28 42 les
1108 1409 56 43 yeux

106 1455 20 39 au
162 1453 115 40 plafond.
305 1452 71 40 Seuls
409 1452 59 39 bons
502 1450 123 40 moments
659 1449 64 40 hélas
760 1448 42 40 trop
841 1447 62 40 rares
940 1447 0 39 :
968 1446 50 40 Julie
1055 1446 16 39 et
1102 1445 62 40 Larry

108 1490 112 39 Coryell,
249 1489 19 40 et
300 1488 96 40 surtout
425 1487 64 41 Larry
528 1486 9 42 à
563 1486 9 42 la
611 1485 90 43 guitare
739 1483 135 44 électrique
912 1482 55 45 avec
1002 1480 160 46 McLaughlin

105 1524 10 43 à
151 1523 10 42 la
205 1522 87 41 guitare
339 1521 90 46 sèche,
462 1521 44 37 très
549 1520 77 46 beaux
669 1519 74 45 duos.
779 1518 87 45 Encore
913 1517 17 41 un
977 1516 106 47 concert
1120 1515 50 45 gra¬

107 1556 38 41 tuit
186 1555 9 41 à
233 1554 103 42 Merrick
386 1554 68 41 Park,
495 1553 56 41 Long
604 1552 91 42 Island.
733 1551 62 42 Belle
842 1551 88 41 affiche
977 1550 56 41 avec
1080 1549 18 42 un
1148 1549 26 41 all

108 1596 58 38 stars
207 1594 184 39 (comprenant
426 1593 59 38 entre
527 1592 62 38 autre
631 1591 35 38 Lee
712 1590 96 38 Konitz,
840 1589 53 37 Nick
936 1587 128 38 Brignola,
1099 1586 67 38 Eddie

107 1629 109 42 Gomez,
239 1628 79 42 Reese
351 1626 167 43 Markewich,
548 1626 65 41 Toots
648 1624 170 42 Thielemans,
842 1623 85 42 Wayne
962 1622 94 42 André,
1080 1621 88 42 Walter

107 1665 129 41 Perkins),
257 1665 12 40 le
305 1663 115 41 quintette
456 1662 18 41 de
513 1661 51 42 Billy
597 1659 114 43 Mitchell
738 1658 66 43 (avec
840 1657 60 43 Dave
940 1655 72 44 Burns
1048 1654 15 44 et
1093 1653 84 45 Arvell

108 1702 98 39 Shaw),
238 1702 11 38 le
292 1700 115 40 quintette
453 1700 17 38 de
519 1699 63 39 Toots
631 1697 169 40 Thielemans,
832 1697 11 39 le
886 1695 118 40 quartette
1050 1695 17 39 de
1113 1694 52 39 Nick

108 1732 131 43 Brignola,
269 1732 10 42 le
322 1732 104 42 sextette
469 1732 20 42 de
532 1731 50 42 Wild
626 1731 43 42 Bill
703 1730 103 43 Davison
849 1730 57 42 (Nat
940 1730 80 42 Pierce
1063 1729 17 42 et
1113 1729 50 42 Jack

109 1772 126 38 Lesberg)
266 1772 20 37 et
317 1771 59 38 enfin
415 1771 11 38 le
466 1770 70 38 grand
578 1769 129 39 orchestre
749 1769 17 38 de
814 1768 50 39 Thad
904 1767 148 39 Jones/Mel
1086 1766 87 39 Lewis.

111 1807 112 46 Concert
257 1806 44 43 très
346 1803 160 48 intéressant
543 1802 55 47 dans
642 1799 167 48 l’ensemble,
843 1798 27 45 les
914 1796 126 46 membres
1085 1795 20 44 du
1149 1794 28 44 all

110 1843 59 40 stars
208 1842 72 41 ayant
313 1842 10 41 la
362 1841 148 42 possibilité
543 1840 19 43 de
601 1839 66 44 jouer
703 1839 20 44 un
762 1838 20 45 ou
821 1837 56 46 deux
916 1837 62 46 titres
1017 1836 17 38 en
1076 1835 82 43 soliste

107 1878 76 40 Reese
225 1876 167 41 Markewich,
422 1875 112 41 Docteur
563 1874 21 41 de
622 1874 35 41 son
695 1873 59 41 état,
784 1872 35 42 est
848 1872 18 41 un
904 1870 130 43 excellent
1063 1869 103 43 pianiste

107 1915 18 38 et
158 1914 87 39 flutiste
287 1913 39 39 que
366 1913 39 39 l’on
447 1912 63 40 avait
546 1912 54 40 déjà
636 1911 102 40 entendu
783 1910 36 41 sur
852 1910 12 41 le
906 1909 85 42 disque
1033 1909 60 41 Priam
1147 1908 18 42 de

109 1951 52 40 Nick
198 1950 130 40 Brignola.
353 1949 58 40 Mais
445 1948 12 40 la
494 1947 89 41 grande
620 1945 132 42 révélation
792 1945 18 40 de
847 1944 17 41 ce
902 1943 106 41 concert
1039 1942 29 41 fut
1100 1941 74 42 juste¬

110 1986 61 42 ment
201 1986 9 41 le
248 1985 88 42 groupe
371 1985 18 41 de
427 1984 50 41 Nick
512 1982 129 43 Brignola.
668 1982 70 41 Nick,
765 1981 38 41 que
838 1981 30 41 les
903 1979 123 42 amateurs
1062 1978 105 42 français

109 2019 99 42 avaient
235 2018 123 43 apprécié
385 2018 41 42 lors
460 2018 21 42 de
515 2017 37 43 son
586 2017 110 43 passage
733 2017 10 42 à
771 2016 95 43 Antibes
900 2016 58 43 avec
996 2016 34 42 Ted
1067 2015 110 43 Curson,

111 2058 48 39 puis
198 2057 92 39 ensuite
333 2057 19 38 au
391 2054 241 41 Chat-qui-Pêche,
663 2053 65 39 vient
761 2053 20 38 de
823 2051 140 40 remporter
1000 2051 8 38 la
1050 2049 118 40 première

111 2094 63 41 place
209 2094 19 40 au
264 2092 148 41 referendum
458 2091 36 39 des
526 2089 118 40 critiques
680 2089 16 38 de
734 2088 71 39 Down
841 2087 71 38 Beat,
940 2085 125 39 catégorie
1101 2084 74 38 Bary¬

108 2129 52 40 ton,
190 2129 36 39 new
272 2128 61 39 star.
363 2126 120 40 Première
524 2125 63 39 place
629 2124 156 39 amplement
818 2122 115 39 méritée.
966 2122 8 37 Il
1004 2121 46 38 joue
1092 2120 85 38 égale¬

110 2166 65 38 ment
206 2165 157 38 maintenant
394 2164 18 37 du
451 2163 81 37 ténor,
561 2163 18 36 de
618 2161 75 37 l’alto,
722 2161 18 36 et
769 2160 112 37 toujours
917 2159 19 36 du
977 2158 107 36 saxello.
1115 2157 63 36 Mar¬

108 2200 73 38 chant
215 2200 36 37 sur
282 2200 31 37 les
349 2199 79 38 traces
467 2198 20 38 de
526 2198 67 38 Miles
633 2197 70 39 Davis
742 2197 20 38 et
795 2196 17 39 de
860 2196 53 38 Tony
952 2195 132 39 Williams.
1115 2194 50 39 Nick

108 2229 111 48 Brignola
252 2229 20 46 se
306 2228 80 47 tourne
423 2228 164 46 aujourd’hui
610 2227 50 45 vers
694 2227 20 44 ce
747 2227 57 43 qu’il
831 2227 33 43 est
894 2226 111 43 convenu
1042 2226 130 41 d’appeler

106 2266 10 44 le
153 2266 113 44 pop-jazz
304 2266 19 43 ou
360 2266 10 42 le
404 2266 145 42 free-rock.
577 2266 9 41 Il
611 2266 19 41 va
668 2266 75 40 même
781 2266 47 40 bien
865 2266 47 39 plus
950 2266 38 38 loin
1025 2266 38 38 que
1100 2266 66 37 Miles

111 2309 18 42 et
163 2308 52 42 Tony
249 2308 17 41 en
304 2307 17 41 ce
358 2306 55 42 sens
447 2306 58 41 qu’il
531 2305 60 40 s’est
622 2303 144 41 carrément
795 2302 106 40 entouré
932 2302 64 38 d’une
1033 2300 135 39 rythmique

111 2345 59 40 pop,
192 2343 141 41 composée
368 2342 19 41 de
418 2341 54 42 trois
503 2340 88 43 jeunes
622 2338 135 44 musiciens
792 2337 41 44 très
864 2335 110 46 brillants
1005 2335 0 45 :
1033 2334 44 46 Don
1115 2333 50 46 York

110 2379 21 37 au
168 2378 65 37 piano
272 2377 132 38 électrique
443 2376 131 37 (musicien
610 2375 39 37 pop
688 2375 18 36 de
745 2374 128 37 formation
912 2373 127 36 classique
1078 2373 8 35 à
1117 2372 60 36 l’ori¬

111 2415 79 42 gine),
218 2415 95 41 George
350 2414 70 40 Leary
456 2414 9 39 à
493 2413 8 40 la
538 2413 73 40 basse
647 2412 135 39 électrique
818 2411 96 39 (ancien
950 2409 160 39 compagnon
1149 2409 20 37 de

110 2449 79 45 Jimmy
223 2447 129 46 Hendrix),
383 2447 17 45 et
427 2446 68 46 Eddie
533 2444 105 47 Ananias
672 2443 10 47 à
710 2443 10 47 la
757 2442 99 48 batterie
894 2440 108 49 (batteur
1033 2438 147 50 étonnant).

111 2483 20 41 Le
168 2482 103 41 résultat
300 2482 35 40 est
363 2481 72 41 assez
467 2480 232 41 enthousiasmant
725 2480 20 39 et
774 2479 118 39 l’accueil
918 2479 37 38 que
992 2479 9 38 le
1038 2478 64 38 jeune
1139 2478 37 37 pu¬

111 2517 40 44 blic
182 2516 98 44 réserve
317 2516 19 43 au
370 2516 89 43 groupe
496 2515 18 42 ne
551 2515 89 42 trompe
674 2515 56 41 pas.
757 2514 62 41 Nous
853 2514 157 40 entendrons
1043 2513 77 39 parler
1154 2513 19 38 de

111 2555 54 43 Nick
206 2554 109 43 Brignola
356 2553 54 43 d’ici
441 2552 57 44 peu.
529 2551 25 44 Du
595 2550 59 45 reste
692 2549 126 45 plusieurs
855 2547 107 46 grandes
1003 2546 110 46 maisons
1154 2545 18 46 de

114 2588 102 46 disques
256 2587 55 45 sont
342 2587 37 44 sur
413 2586 27 44 les
477 2586 71 43 rangs
588 2585 19 43 et
637 2585 53 43 Nick
730 2584 73 42 pense
847 2582 150 43 augmenter
1034 2582 6 41 le
1083 2581 90 41 groupe

112 2628 55 43 avec
207 2627 16 44 un
262 2626 167 44 trompettiste
469 2626 134 44 (peut-être
642 2625 82 44 Randy
760 2624 124 45 Brecker)
917 2624 16 44 ou
976 2624 16 44 un
1035 2623 144 45 guitariste,

116 2664 55 44 pour
206 2663 13 44 le
258 2661 106 46 premier
403 2658 222 47 enredistrement

115 2708 56 40 Mais
207 2708 10 39 le
256 2708 111 39 meilleur
400 2708 118 37 concert,
547 2697 56 47 dans
639 2700 36 43 son
714 2695 148 47 ensemble,
891 2697 95 44 auquel
1015 2694 36 46 j’ai
1081 2698 95 41 assisté

114 2741 30 43 fut
171 2741 66 42 celui
261 2741 18 42 de
321 2740 165 42 Tanglewood
522 2740 105 41 (Lenox,
658 2739 240 40 Massachusetts),
928 2739 54 38 avec
1021 2738 27 38 les
1087 2738 84 38 Voices

113 2780 22 39 of
165 2779 55 39 East
253 2778 109 40 Harlem,
390 2778 68 39 Miles
494 2777 71 39 Davis
603 2777 20 38 et
653 2776 126 38 Santana.
814 2774 162 39 Tanglewood
1017 2774 33 37 est
1083 2774 19 37 un
1140 2773 42 37 en¬

115 2812 59 46 droit
209 2811 160 46 merveilleux
410 2811 38 44 qui
482 2811 116 43 présente
642 2810 151 42 cependant
828 2810 9 40 le
881 2809 176 40 désavantage
1104 2809 69 38 d’être

115 2851 64 37 situé
214 2850 8 37 à
256 2849 105 38 quelque
403 2849 35 37 200
481 2848 19 38 km
550 2848 22 37 de
612 2847 43 38 New
711 2847 66 37 York.
810 2846 13 37 Je
866 2846 26 37 me
938 2845 147 38 demandais
1128 2844 45 37 bien

115 2887 129 40 comment
274 2886 82 39 j’allais
392 2885 52 39 faire
480 2884 57 39 pour
570 2884 0 38 y
606 2883 55 39 aller
691 2882 98 39 lorsque
828 2881 55 39 j’eus
918 2881 66 38 l’idée
1022 2880 20 38 de
1080 2879 102 38 contac¬

116 2920 32 42 ter
182 2919 84 43 Miles,
297 2918 49 44 tout
380 2916 177 45 simplement.
588 2916 11 45 Il
630 2915 28 46 me
700 2914 66 47 reçut
800 2914 45 46 très
887 2912 139 48 gentiment
1061 2912 55 44 dans
1158 2911 17 48 sa

116 2958 91 46 maison
253 2957 20 40 de
315 2956 53 47 rêve
410 2956 20 46 (le
476 2953 235 48 rez-de-chaussée
757 2952 33 46 est
829 2951 16 41 en
891 2950 56 48 style
989 2949 141 42 espagnol,
1166 2948 10 44 la

117 2995 56 41 cour
208 2994 132 43 intérieure
382 2993 76 45 s’orne
504 2993 17 45 de
563 2992 38 47 bas
643 2991 80 48 reliefs
765 2989 132 51 égyptiens
938 2989 18 47 et
991 2988 87 46 l’étage
1123 2987 52 41 offre

123 3056 24 42 28

1294 1687 0 14 1
1316 1687 37 14 1IGT
1367 1687 48 15 OGII
1446 1687 98 16 M'GTIUCI
1558 1687 18 16 Oe

1303 2536 55 48 Mais
1398 2536 11 48 à
1442 2536 41 48 New
1534 2536 55 48 York
1630 2536 92 47 comme
1762 2536 110 47 partout,
1906 2536 58 47 c’est
2001 2536 88 47 encore
2130 2536 55 46 dans
2229 2536 26 46 les
2295 2536 66 46 clubs

1304 2584 38 37 que
1380 2583 11 37 la
1430 2582 109 38 musique
1580 2581 85 38 atteint
1698 2580 36 38 son
1772 2580 47 38 plus
1860 2579 55 38 haut
1948 2578 82 39 niveau
2068 2577 19 39 de
2128 2576 105 40 qualité.
2263 2575 98 40 Aucune

1303 2617 36 40 des
1375 2616 75 41 boîtes
1486 2616 36 41 qui
1552 2615 68 42 firent
1650 2614 26 42 les
1712 2613 75 43 beaux
1820 2612 62 44 jours
1918 2611 20 45 de
1974 2611 10 45 la
2020 2610 32 46 52e
2082 2610 33 46 rue
2147 2609 20 46 ne
2203 2608 108 47 subsiste
2350 2607 16 48 et

1304 2653 63 41 c’est
1396 2652 158 41 maintenant
1585 2651 58 41 dans
1680 2651 147 40 Greenwich
1864 2650 86 40 Village
1991 2649 54 40 qu’il
2074 2649 46 40 faut
2152 2649 54 39 aller
2238 2648 57 40 pour
2330 2648 37 39 en¬

1300 2687 83 49 tendre
1424 2689 20 46 du
1485 2689 59 45 jazz,

1304 2771 128 46 HUDSON
1478 2765 167 51 ST./SPRING
1691 2764 43 51 ST.
1766 2766 0 49 —
1819 2768 68 47 HALF
1926 2771 71 43 NOTE

1304 2833 61 48 Pour
1399 2836 27 44 ma
1467 2831 120 49 première
1628 2831 68 48 sortie
1737 2831 136 47 nocturne,
1904 2831 10 46 je
1955 2831 44 46 vais
2040 2831 17 45 au
2098 2831 55 45 Half
2187 2831 55 44 Note
2282 2831 31 44 où
2344 2831 20 43 se

1306 2878 98 40 produit
1434 2878 63 39 Zoot
1527 2877 77 39 Sims.
1637 2877 19 38 Le
1694 2876 52 39 Half
1779 2875 55 39 Note
1875 2875 36 38 est
1943 2875 17 38 un
2001 2874 47 38 club
2086 2873 74 38 assez
2195 2873 63 37 vaste
2299 2872 63 38 (tous

1303 2915 29 37 les
1374 2914 114 37 cabarets
1530 2913 18 37 de
1593 2912 44 37 jazz
1676 2912 21 37 de
1739 2911 44 37 New
1838 2911 47 36 York
1931 2909 110 38 peuvent
2077 2908 112 37 contenir
2226 2908 18 36 au
2288 2907 76 37 moins

1304 2950 37 40 200
1377 2948 160 41 personnes,
1565 2948 57 40 sans
1658 2947 76 40 parler
1768 2947 16 39 de
1824 2946 135 40 l’immense
2001 2945 84 40 Village
2124 2944 84 40 Gate).
2239 2943 124 40 L’estrade

1305 2986 100 50 partage
1439 2986 10 48 la
1482 2985 54 49 salle
1572 2985 17 47 en
1626 2984 73 48 deux,
1723 2983 16 47 si
1766 2983 47 47 bien
1846 2982 40 47 que
1919 2981 50 47 tous
2003 2981 27 46 les
2063 2979 163 47 spectateurs
2260 2978 110 46 peuvent

1298 1741 8 55 la
1341 1738 178 57 particularité
1546 1738 20 55 de
1601 1739 20 54 ne
1657 1739 39 53 pas
1728 1733 145 58 comporter
1905 1743 20 46 de
1964 1743 63 46 coins
2067 1731 0 56 :
2094 1733 79 54 toutes
2208 1731 28 55 les
2271 1730 83 55 pièces

1300 1786 54 46 sont
1389 1785 119 46 rondes).
1543 1785 10 44 Il
1588 1784 100 45 passait
1723 1783 39 45 une
1806 1783 77 44 bande
1928 1781 215 44 extraordinaire,
2175 1781 10 42 la
2230 1780 125 42 maquette

1300 1821 18 41 de
1354 1821 36 41 son
1426 1820 118 42 prochain
1580 1820 84 41 disque
1700 1820 9 41 je
1745 1820 130 41 suppose.
1902 1820 9 41 Il
1938 1819 147 42 m’emmena
2121 1819 19 41 au
2176 1819 117 41 concert.

1295 1858 39 44 Les
1373 1858 0 43 «
1415 1857 84 43 Voices
1538 1857 18 42 of
1589 1856 54 42 East
1676 1856 132 41 Harlem»
1848 1855 54 40 sont
1935 1855 36 39 des
2010 1854 135 39 chanteurs
2181 1853 171 37 fantastiques

1297 1895 40 41 que
1376 1894 56 41 nous
1471 1893 157 41 entendrons
1665 1892 95 40 bientôt
1797 1892 8 39 à
1836 1891 79 39 Paris.
1943 1891 14 38 le
1996 1890 56 39 vous
2091 1889 99 39 promet
2220 1889 37 38 une
2299 1888 56 38 belle

1298 1930 126 43 surprise,
1444 1930 37 41 qui
1504 1929 55 42 vous
1591 1927 126 43 changera
1746 1926 37 42 des
1815 1925 109 42 groupes
1953 1923 123 43 insipides
2105 1922 120 42 auxquels
2257 1920 101 42 Antibes

1299 1968 54 40 nous
1392 1968 0 40 a
1430 1968 10 40 le
1479 1967 48 41 plus
1562 1966 112 42 souvent
1707 1965 128 43 habitués.
1867 1964 106 44 Santana
2015 1963 32 45 est
2079 1963 19 45 un
2140 1962 87 46 groupe
2268 1961 39 41 que
2349 1961 9 44 je

1298 2003 17 39 ne
1358 2001 164 41 présenterai
1556 2001 38 39 pas
1631 2001 12 39 à
1674 2000 55 40 ceux
1769 2000 37 39 qui
1838 1998 187 41 s’intéressent
2057 1998 8 40 à
2097 1998 11 39 la
2149 1996 161 41 pop-music,
2338 1996 20 40 ils

1295 2037 92 42 savent
1415 2037 37 41 que
1486 2036 61 42 c’est
1572 2036 36 42 l’un
1642 2035 37 42 des
1713 2034 138 43 meilleurs.
1876 2034 67 42 Miles
1974 2033 70 43 Davis
2078 2033 19 42 se
2130 2032 142 43 présentait
2299 2031 56 43 avec

1299 2074 19 38 un
1354 2073 85 39 septet
1466 2073 0 38 :
1493 2072 58 38 Gary
1584 2072 65 38 Bartz
1679 2071 50 38 (alto
1767 2071 16 37 et
1811 2070 137 38 soprano),
1972 2069 63 38 Keith
2068 2068 85 38 Jarrett
2183 2068 77 37 (piano
2295 2067 66 38 élec¬

1295 2108 103 43 trique),
1427 2108 72 42 Chick
1536 2107 78 42 Corea
1651 2107 112 41 (orgue),
1792 2106 60 40 Dave
1889 2106 98 39 Holland
2027 2105 43 39 (b),
2096 2105 49 39 Jack
2182 2105 26 38 De
2246 2104 109 38 Johnette

1296 2144 62 41 (dm)
1392 2143 17 42 et
1443 2143 54 42 Airto
1542 2142 102 43 Moreira
1685 2140 211 45 (percussions).
1931 2140 23 45 Sa
1999 2138 133 47 prestation
2176 2138 31 47 fut
2241 2137 124 48 superbe.

1301 2180 131 38 Beaucoup
1475 2179 48 38 plus
1561 2179 98 37 incisive
1700 2178 37 37 que
1780 2177 56 38 dans
1876 2177 96 37 Bitches
2012 2176 54 37 Brew
2114 2175 37 38 par
2189 2174 128 38 exemple,
2349 2174 8 37 la

1298 2211 131 45 trompette
1462 2211 19 44 de
1517 2211 66 44 Miles
1616 2211 137 44 s’envolait
1780 2210 193 44 constamment
2003 2210 55 43 pour
2088 2210 88 43 percer
2206 2210 26 43 les
2265 2210 95 42 nappes

1299 2251 107 42 sonores
1443 2250 224 42 généreusement
1698 2248 155 42 prodiguées
1891 2248 37 40 par
1960 2248 8 39 le
2008 2247 107 40 groupe.
2143 2246 20 40 En
2201 2246 66 39 solo,
2295 2245 61 40 Keith

1299 2286 87 40 Jarrett
1413 2286 18 40 fit
1458 2286 21 40 un
1512 2285 136 41 triomphe.
1672 2285 12 40 le
1720 2285 72 40 pense
1828 2285 114 40 qu’après
1978 2285 36 40 son
2047 2284 112 41 passage
2195 2284 54 40 chez
2282 2284 84 40 Miles,

1297 2321 32 41 les
1368 2320 125 42 amateurs
1532 2320 56 42 vont
1620 2320 56 41 enfin
1718 2319 134 42 découvrir
1888 2319 17 42 ce
1944 2318 118 43 musicien
2104 2317 164 43 prodigieux.
2300 2317 10 43 Il
2340 2317 16 43 va

1302 2358 95 44 bientôt
1428 2357 157 44 enregistrer
1616 2357 55 43 avec
1708 2356 58 44 Gary
1803 2356 86 44 Burton
1926 2356 18 43 et
1975 2355 123 44 peut-être
2135 2355 52 43 faire
2227 2354 18 44 un
2282 2354 64 43 album

1299 2395 19 42 en
1358 2395 66 44 solo.

1301 2476 40 48 LES
1387 2476 157 48 CABARETS
1587 2476 23 48 DE
1650 2476 62 48 JAZZ
