2480 3183
119 341 106 60 mettent
265 347 18 47 un
327 337 70 62 point
432 338 146 59 d’honneur
617 335 10 55 à
661 336 32 57 me
737 338 53 51 faire
834 330 128 64 connaître
1006 331 40 59 cet
1086 330 97 59 endroit

120 391 55 42 plein
218 391 20 41 de
281 389 90 42 swing.
408 388 52 41 Tout
494 388 9 40 le
546 386 83 42 monde
673 385 28 41 me
744 384 69 41 prend
857 383 94 41 bientôt
989 382 17 40 en
1049 381 81 41 amitié
1167 380 17 40 et

120 425 28 40 les
185 423 117 41 tournées
342 421 131 41 générales
510 419 131 41 pleuvent.
672 418 37 40 Par
742 416 127 41 bonheur,
897 416 11 39 il
936 415 19 40 ne
992 414 62 40 reste
1090 412 84 41 qu’une

119 461 90 39 dizaine
245 460 21 39 de
305 458 99 40 clients,
431 457 36 40 car
497 456 9 40 je
545 455 57 41 crois
638 453 40 42 que
714 453 9 41 je
762 450 102 43 n’aurais
900 449 39 43 pas
975 446 123 45 supporté
1128 445 48 45 plus

122 497 64 40 d’une
222 495 117 41 douzaine
374 494 18 40 de
424 492 118 42 whiskies
574 492 18 40 en
627 490 73 42 moins
733 490 17 41 de
783 488 58 42 deux
871 487 105 42 heures.
1003 485 82 43 Quand
1117 484 59 43 nous

120 533 117 41 partons,
265 532 35 40 aux
339 530 115 41 environs
489 528 140 40 immédiats
665 527 19 39 de
722 527 0 38 5
758 525 104 39 heures,
892 524 57 38 nous
985 522 109 39 sommes
1130 521 49 38 tous

119 568 57 40 dans
212 568 18 39 un
269 567 45 40 état
344 566 39 40 que
419 565 9 40 je
467 565 27 40 me
530 563 78 41 refuse
644 563 10 41 à
684 562 90 41 décrire
813 561 54 41 dans
903 560 30 41 les
969 558 123 43 colonnes
1128 557 48 43 d’un

117 603 98 49 journal
248 601 115 49 sérieux.
392 601 46 47 Une
478 600 45 46 nuit
559 599 56 46 dont
648 599 10 45 je
700 598 27 45 me
769 596 168 46 souviendrai
969 594 159 44 longtemps.

124 687 31 45 178
192 686 21 45 7'h
244 685 37 45 Ave
315 684 74 45 South
426 684 0 44 —
475 682 120 45 VILLAGE
628 680 172 45 VANGUARD

119 752 56 41 Mais
212 749 126 43 revenons
378 748 6 42 à
418 747 37 42 des
492 745 92 43 choses
621 744 49 42 plus
707 740 197 45 substantielles
941 738 55 44 avec
1036 737 9 44 le
1085 735 93 45 fameux

122 791 104 38 cabaret
258 790 36 37 que
333 789 50 37 tout
414 789 10 36 le
464 788 83 37 monde
586 786 112 37 connaît,
727 786 10 36 le
776 784 144 37 légendaire
962 783 0 36 «
1001 782 83 36 Village
1126 781 60 36 Van¬

122 826 69 42 guard
231 826 16 42 ».
275 825 63 43 Sans
376 824 113 44 conteste
527 823 9 45 le
577 823 44 45 club
658 822 29 40 où
718 822 38 39 l’on
793 821 19 43 se
850 820 53 38 sent
935 820 9 40 le
982 819 47 43 plus
1067 819 9 37 à
1104 818 82 42 l’aise,

118 862 29 38 où
179 861 11 38 le
230 860 78 39 public
348 859 61 39 vient
447 858 120 39 vraiment
604 857 59 38 pour
701 855 117 39 écouter,
850 855 27 37 où
912 854 8 38 il
955 854 18 37 se
1016 853 72 38 passe
1134 852 51 38 tou¬

116 897 60 47 jours
218 895 103 47 quelque
362 893 90 46 chose.
484 891 109 46 Lorsque
635 889 86 45 j’arrive
763 888 9 44 à
804 887 42 44 New
900 885 68 44 York,
1000 883 86 45 Roland
1131 882 45 43 Kirk

120 933 37 39 est
185 932 8 40 à
221 931 123 40 l’affiche,
370 931 53 39 avec
459 930 45 40 Don
541 930 59 39 Byas
636 929 56 40 pour
720 929 31 39 les
785 927 168 41 week-ends.
978 927 20 39 La
1034 926 151 40 rythmique,

123 968 60 38 outre
227 968 19 37 un
287 967 101 38 pianiste
429 966 19 38 et
481 966 19 38 un
541 964 129 39 bassiste,
703 963 134 39 comprend
880 962 82 39 Sonny
1004 961 79 39 Brown
1127 960 8 39 à
1170 960 9 39 la

119 999 96 44 batterie
257 998 18 43 et
309 998 30 43 Joe
384 997 99 43 Texidor
516 996 39 43 aux
594 994 169 44 percussions
802 993 18 43 et
853 992 69 43 bruits
961 991 97 43 divers.
1088 990 90 43 Roland

119 1038 78 45 jouera
241 1036 107 46 presque
392 1034 207 46 exclusivement
637 1033 19 44 du
697 1032 69 44 ténor
803 1031 19 44 ce
866 1030 47 45 soir
951 1029 25 45 là,
1011 1028 122 45 peut-être
1177 1027 10 44 à

119 1075 69 39 cause
230 1074 21 39 de
288 1073 12 39 la
339 1071 123 41 présence
501 1070 18 41 de
561 1069 45 41 Don
649 1067 75 42 Byas.
757 1067 18 42 Et
811 1065 54 43 vous
907 1064 69 43 savez
1016 1062 129 44 comment
1178 1061 9 44 il

121 1111 56 41 peut
208 1110 65 41 jouer
306 1109 20 40 du
363 1108 81 40 ténor,
475 1107 17 40 un
534 1105 115 41 véritable
688 1104 110 40 festival,
829 1103 17 39 un
885 1102 31 39 feu
955 1100 115 40 d’artifice
1110 1099 76 39 conti¬

122 1146 66 40 nuel.
220 1146 66 40 Quel
318 1144 148 42 musicien!
502 1144 19 42 Et
557 1142 98 44 lorsque
698 1142 10 44 le
750 1141 36 45 set
822 1141 20 45 de
888 1140 45 46 Don
979 1139 59 47 Byas
1081 1138 107 44 arrivait,

122 1182 114 41 emporté
266 1181 38 41 par
333 1181 15 40 sa
383 1179 109 42 fougue,
518 1178 88 42 Roland
642 1177 17 42 ne
698 1177 8 41 le
742 1176 99 42 laissait
871 1175 64 42 jouer
965 1174 56 42 seul
1050 1173 35 42 que
1123 1172 59 43 deux

124 1218 18 42 ou
181 1217 54 42 trois
274 1215 133 43 morceaux
446 1214 18 43 et
497 1213 81 43 venait
611 1212 51 43 tout
695 1212 18 43 de
755 1211 54 43 suite
851 1210 18 43 se
908 1209 88 44 joindre
1038 1208 9 43 à
1077 1208 39 43 lui.
1146 1207 36 43 Les

120 1254 125 36 quelques
284 1253 0 36 «
323 1251 131 37 chases»
493 1251 39 36 que
574 1250 36 37 j’ai
641 1248 123 38 entendus
806 1247 109 38 valaient
949 1246 8 38 à
988 1246 37 37 eux
1064 1245 65 38 seuls
1168 1244 10 38 le

121 1288 194 41 déplacement,
345 1288 96 39 surtout
477 1287 74 39 quand
592 1286 27 39 les
660 1285 55 39 deux
756 1284 135 39 musiciens
932 1283 156 38 rivalisaient
1123 1282 55 38 dans

123 1324 8 39 le
169 1323 85 39 grave.
281 1323 22 39 Le
339 1322 65 39 lundi
432 1322 46 38 soir
508 1321 36 39 est
574 1319 265 40 traditionnellement
869 1318 107 39 réservé
1006 1318 8 38 à
1042 1318 11 37 la
1088 1317 88 38 grande

120 1360 128 45 formation
294 1360 19 45 de
366 1359 49 36 Thad
461 1358 147 45 Jones/Mel
647 1357 89 45 Lewis.
772 1357 19 43 l’y
837 1356 56 44 étais
939 1355 42 45 allé
1020 1355 56 43 avec
1122 1354 56 46 Elvin

121 1394 68 43 Jones
233 1394 57 42 dans
330 1393 12 42 le
385 1393 83 42 secret
505 1392 87 42 espoir
629 1391 37 42 que
709 1390 104 42 celui-ci
847 1390 107 41 jouerait
991 1389 17 41 un
1054 1389 35 40 set
1123 1388 55 41 avec

121 1429 169 45 l’orchestre,
317 1429 54 42 mais
404 1428 9 42 il
440 1428 45 42 n’en
522 1427 30 42 fut
579 1427 60 41 rien.

123 1515 142 46 PHAROAH
309 1515 142 46 SANDERS

124 1575 47 46 Vint
206 1575 58 49 enfin
306 1575 198 53 l’engagement
539 1575 66 50 d’une
647 1575 109 50 semaine
794 1575 20 49 au
856 1575 89 49 Village
988 1575 128 50 Vanguard
1158 1575 20 48 de

121 1617 107 41 Pharoah
266 1616 129 41 Sanders.
425 1616 74 39 Inutile
540 1615 19 39 de
597 1615 55 39 vous
691 1615 41 38 dire
770 1614 38 38 que
850 1614 16 38 j’y
904 1613 47 38 suis
989 1613 44 38 allé
1063 1612 50 38 tous
1151 1612 27 37 les

122 1654 76 41 soirs.
229 1653 171 41 Absolument
431 1651 132 41 fabuleux.
594 1650 106 41 Pharoah
742 1649 45 40 joue
829 1648 158 40 maintenant
1017 1647 20 40 du
1076 1646 104 40 soprano

123 1690 17 37 et
176 1689 9 38 je
226 1688 112 38 suppose
379 1687 38 39 que
458 1685 103 40 voulant
594 1685 17 40 se
655 1682 192 42 perfectionner
885 1680 162 43 rapidement
1082 1680 36 43 sur
1153 1679 35 43 cet

120 1724 155 40 instrument
303 1724 115 39 difficile,
446 1723 62 39 c’est
539 1723 11 39 la
586 1722 76 40 raison
702 1722 59 39 pour
791 1721 104 40 laquelle
932 1721 8 39 il
968 1721 20 39 en
1027 1721 45 39 joua
1112 1720 75 39 beau¬

122 1762 56 38 coup
216 1762 47 38 plus
301 1761 37 39 que
376 1761 19 39 du
433 1760 81 40 ténor.
543 1759 41 41 S’il
612 1758 132 42 interprète
782 1757 110 43 toujours
929 1757 0 43 «
964 1756 31 44 the
1033 1755 107 45 Creator
1171 1755 0 45 »

124 1796 0 35 «
158 1795 38 38 hum
244 1794 99 42 Allah»
377 1793 20 45 et
425 1792 163 48 quelquefois
623 1791 0 43 «
660 1790 75 50 upper
769 1789 72 41 egypt
875 1789 14 41 »,
916 1788 10 42 il
957 1788 48 42 joue
1042 1786 147 44 également

122 1832 131 38 beaucoup
296 1831 19 38 de
357 1830 131 38 nouvelles
528 1828 206 39 compositions,
766 1827 77 38 toutes
883 1826 43 38 très
969 1825 74 39 belles
1084 1825 18 38 et
1137 1824 51 38 sur¬

120 1868 50 40 tout
205 1867 176 40 fascinantes.
413 1865 134 40 Beaucoup
589 1865 19 38 de
651 1863 136 39 musiciens
829 1862 121 39 viennent
987 1861 101 38 écouter
1128 1860 56 38 Pha¬

121 1902 53 39 roah
215 1902 0 39 :
250 1902 100 39 Howard
392 1901 126 40 Johnson,
550 1901 89 40 Roland
680 1901 65 40 Kirk,
777 1901 59 40 Gary
877 1900 80 41 Bartz,
989 1900 38 41 Lee
1071 1900 118 41 Morgan,

124 1938 85 40 Madjid
244 1937 115 41 Shabaz,
382 1937 109 40 Kenneth
532 1936 133 41 Terroade,
691 1936 80 41 Sunny
806 1935 109 42 Murray.
941 1935 18 41 Le
994 1934 106 42 premier
1129 1934 59 42 soir,

122 1975 102 39 Howard
259 1974 107 39 Johnson
403 1974 37 38 fait
470 1974 11 38 le
518 1973 70 38 bœuf
617 1972 61 39 ainsi
708 1972 64 38 qu’un
812 1970 150 39 spectateur
994 1970 37 38 qui
1058 1969 123 39 s’empare

123 2009 190 42 brusquement
342 2009 17 40 du
393 2008 107 41 soprano
537 2008 17 40 de
592 2007 109 41 Sanders
735 2007 18 40 et
781 2007 49 40 joue
865 2006 17 40 un
919 2006 46 40 solo
1003 2006 37 39 pas
1074 2005 110 40 mauvais

123 2045 20 41 du
178 2044 60 41 tout.
264 2044 20 41 Le
321 2043 89 41 groupe
445 2042 17 41 se
499 2041 121 42 compose
657 2041 20 40 de
712 2040 86 41 Lonnie
835 2039 69 41 Smith
942 2039 11 40 Jr
982 2038 109 41 (piano),
1119 2037 72 41 Cecil

122 2081 31 41 Mc
184 2081 41 41 Bee
260 2080 113 42 (basse),
398 2080 97 41 Clifford
527 2079 72 42 Jarvis
627 2079 110 42 (drums)
762 2079 16 42 et
806 2078 56 43 deux
891 2078 100 43 joueurs
1023 2078 18 42 de
1073 2077 113 43 bongos.

125 2117 195 38 Certainement
351 2117 11 36 la
398 2116 122 37 meilleure
560 2115 130 37 formation
729 2115 36 36 que
810 2114 106 36 Pharoah
955 2114 29 36 ait
1018 2113 81 36 jamais
1138 2113 52 35 diri¬

123 2153 56 41 gée.
207 2152 73 41 Cecil
308 2152 28 40 Mc
375 2151 59 40 Bee,
462 2150 37 40 qui
527 2150 92 40 déclina
659 2149 36 39 une
732 2149 56 39 offre
824 2148 20 39 de
880 2147 101 39 tournée
1018 2146 162 39 européenne

123 2189 53 39 avec
216 2188 87 39 Wayne
339 2187 104 40 Shorter
471 2186 59 40 pour
561 2186 68 39 jouer
659 2185 37 40 une
735 2184 107 41 semaine
878 2184 57 40 avec
968 2183 12 40 le
1016 2182 107 41 groupe,
1151 2182 36 40 est

123 2223 93 40 devenu
254 2223 19 39 un
311 2222 208 40 contrebassiste
558 2221 227 39 extraordinaire;
812 2221 11 37 il
850 2220 47 38 joue
938 2220 35 38 des
1012 2219 93 38 choses
1143 2219 36 37 que

120 2258 9 46 je
167 2257 47 46 n’ai
245 2257 82 45 jamais
364 2256 142 45 entendues
543 2255 160 44 auparavant
738 2254 34 42 sur
807 2253 182 43 l’instrument.
1020 2253 16 40 Le
1080 2252 103 40 premier

121 2297 60 38 soir,
210 2296 8 39 à
250 2296 8 39 la
296 2296 20 38 fin
356 2295 46 39 d’un
442 2294 115 40 morceau
597 2293 239 41 particulièrement
867 2292 173 41 fantastique,
1069 2291 112 41 Sanders

118 2333 61 38 resta
216 2333 12 38 le
265 2332 69 38 ténor
368 2332 9 38 à
408 2331 9 39 la
457 2330 112 40 bouche,
598 2329 54 40 sans
693 2329 40 40 rien
773 2328 52 41 faire
865 2327 115 41 pendant
1014 2326 17 42 de
1074 2325 104 42 longues

119 2389 147 17 Seconldes.
294 2389 54 16 9oil
373 2389 81 15 1egard
490 2389 18 15 9e
546 2388 55 15 Posa
636 2366 60 36 alors
731 2366 36 36 sur
800 2365 18 37 un
853 2365 104 36 portrair
988 2365 20 35 de
1044 2364 48 36 John
1130 2364 56 35 Col¬

121 2403 62 37 trane
227 2402 38 38 qui
300 2401 50 39 orne
392 2401 11 38 le
447 2400 56 39 côté
542 2400 17 39 de
603 2399 115 40 l’estrade
762 2399 18 40 et
815 2398 12 41 il
859 2397 98 42 attaqua
998 2396 191 42 brusquement

122 2440 0 37 «
160 2439 76 38 Naima
278 2438 17 38 ».
325 2437 41 39 Une
407 2437 35 39 des
481 2436 47 39 plus
569 2434 173 41 merveilleuse
783 2432 112 42 versions
936 2431 18 42 du
995 2430 77 43 thème
1110 2429 79 43 favori

122 2475 18 37 de
182 2474 63 38 Trane
281 2474 91 37 s’éleva
409 2473 57 37 alors
502 2473 89 36 durant
620 2473 18 36 de
674 2472 105 36 lonques
813 2471 119 36 minutes.
958 2471 14 35 le
1008 2471 55 35 vous
1099 2470 89 36 garan¬

120 2512 20 41 tis
179 2511 40 41 que
258 2510 126 41 personne
426 2509 104 41 n’aurait
564 2509 42 39 osé
640 2508 50 40 faire
732 2508 9 39 le
783 2507 107 39 moindre
932 2506 70 39 bruit.
1033 2506 45 38 Une
1120 2505 59 38 sorte

121 2545 132 40 d’émotion
290 2545 129 39 collective
454 2544 135 40 étreignait
615 2544 11 39 la
661 2543 54 40 salle
750 2543 17 40 et
796 2543 8 39 la
839 2542 112 40 dernière
985 2542 49 40 note
1069 2541 120 40 envolée,

122 2583 17 39 un
176 2582 89 39 silense
305 2579 224 41 impressionnant
560 2578 107 40 précéda
704 2578 36 39 une
779 2577 96 39 ovation
914 2575 132 40 délirante.
1077 2575 25 39 Ce
1142 2574 45 39 soir

120 2617 28 40 là,
179 2617 9 40 le
228 2616 126 41 troisième
390 2616 37 41 set
461 2616 49 41 dura
553 2615 0 42 2
590 2615 89 42 heures
719 2615 15 42 10
774 2614 132 43 minutes!
937 2614 28 43 les
1005 2613 76 44 autres
1121 2613 59 44 soirs

121 2652 80 41 furent
233 2652 71 40 aussi
333 2651 213 41 exceptionnels,
577 2651 107 39 certains
721 2651 46 38 sets
804 2651 92 37 faisant
928 2650 86 38 sauter
1048 2650 26 37 les
1115 2650 71 36 spec¬

122 2689 89 37 tateurs
255 2689 18 36 de
320 2688 47 37 leur
406 2688 80 37 siège.
525 2688 86 36 Madiid
658 2687 97 36 Shabaz
799 2687 122 36 remplaça
965 2686 99 36 Clifford
1108 2686 71 35 Jarvis

119 2724 57 43 pour
209 2723 124 43 quelques
372 2722 132 42 morceaux
543 2721 18 42 et
597 2721 15 41 ce
655 2720 30 41 fut
718 2719 120 42 peut-être
880 2718 9 41 le
931 2717 109 42 meilleur
1076 2716 111 41 moment

122 2762 19 39 de
178 2761 59 39 toute
277 2761 8 39 la
325 2760 126 39 semaine.
480 2759 88 39 Encore
605 2759 19 38 un
661 2758 43 38 très
741 2757 70 39 grand
851 2756 136 39 drummer.
1016 2756 11 37 le
1064 2755 112 38 souhaite

122 2792 37 49 que
199 2792 107 48 Pharoah
350 2792 113 47 revienne
503 2792 44 45 très
584 2792 36 45 vite
664 2792 16 44 en
724 2792 90 43 Europe
854 2792 34 42 car
924 2792 17 41 ce
984 2792 57 41 qu’il
1071 2792 47 40 joue
1162 2792 16 39 en

119 2831 19 42 ce
172 2831 114 42 moment
313 2830 111 43 dépasse
461 2830 19 43 de
517 2830 43 43 très
594 2830 37 43 loin
668 2830 36 43 ses
741 2829 102 44 disques
877 2829 115 44 récents.

120 2883 94 43 Quitter
247 2883 44 43 New
344 2882 50 44 York
434 2881 67 44 après
541 2881 64 44 avoir
638 2880 94 45 écouté
765 2879 107 46 Pharoah
912 2878 114 47 Sanders
1062 2877 124 47 atténuait

120 2944 45 29 mnes
206 2944 113 23 regrets.
353 2944 44 25 Qdi
431 2944 79 27 durdis
536 2944 11 27 je
592 2924 19 47 Pu
656 2918 120 47 vraiment
813 2916 131 47 apprécier
986 2915 119 48 ensuite?

119 3045 27 55 30

899 2973 95 52 Michel
1017 2972 170 58 DELORME.

1657 400 110 49 AGFA
1794 387 83 67 tA-FEN
1923 387 32 64 ET

1311 1633 75 41 Fidèle
1420 1633 9 41 à
1455 1633 20 41 sa
1509 1633 107 41 manière
1650 1633 106 40 Maurice
1794 1632 80 41 Cullaz
1908 1632 26 41 n’a
1971 1632 55 41 pas,
2052 1632 8 41 à
2089 1632 167 41 proprement
2284 1632 92 40 parler,

1306 1670 151 41 interviewé
1487 1670 47 41 SUN
1580 1670 43 41 RA,
1650 1669 55 42 mais
1739 1669 0 42 a
1776 1669 92 42 convié
1896 1669 9 42 le
1942 1668 120 43 musicien
2098 1668 10 43 à
2135 1667 154 44 soliloquer,
2313 1667 10 44 à
2350 1667 16 44 sa

1311 1707 85 38 guise,
1426 1707 17 38 et
1476 1706 70 39 aussi
1576 1705 147 39 longtemps
1761 1705 56 39 qu’il
1846 1704 12 40 le
1899 1703 115 41 désirait.
2046 1703 68 41 C’est
2149 1702 9 41 la
2200 1702 76 41 raison
2317 1701 59 42 pour

1310 1743 103 41 laquelle
1448 1742 37 42 une
1520 1742 56 42 suite
1611 1742 9 42 à
1645 1742 35 42 ces
1714 1742 88 42 propos
1840 1741 18 43 de
1896 1741 47 43 SUN
1987 1741 22 43 RA
2050 1741 50 43 sera
2134 1740 94 44 publiée
2266 1740 57 44 dans
2357 1740 9 44 le

1312 1777 115 40 prochain
1463 1777 96 39 numéro
1597 1777 19 38 de
1652 1776 123 39 Jazz-hot.
1805 1775 61 39 Dans
1901 1775 11 38 la
1948 1774 112 39 seconde
2096 1774 71 38 partie
2205 1774 36 37 des
2279 1773 90 38 propos

1311 1812 18 42 de
1365 1812 48 42 SUN
1452 1812 45 42 RA,
1521 1811 123 42 recueillis
1677 1811 39 42 par
1743 1811 106 42 Maurice
1885 1811 96 41 Cullaz,
2005 1811 12 41 le
2050 1811 54 41 chef
2134 1810 156 42 d’orchestre
2323 1810 54 41 par¬

1308 1851 43 41 lera
1385 1851 207 42 exclusivement
1621 1851 17 42 de
1676 1851 126 42 musique.

1312 2018 0 43 «
1343 2010 15 51 Je
1393 2011 46 50 suis
1478 2013 64 47 celui
1570 2015 36 45 que
1645 2017 11 42 je
1695 2008 46 51 dois
1780 2010 60 49 être,
1868 2013 18 45 au
1925 2007 114 51 moment
2067 2008 32 49 où
2127 2009 11 48 le
2173 2010 89 47 monde
2297 2013 0 43 a
2336 2014 39 42 be¬

1313 2054 0 41 «
1346 2054 45 41 soin
1433 2054 17 40 de
1492 2054 56 40 moi,
1576 2054 59 39 pour
1668 2054 17 39 ce
1727 2054 37 38 que
1806 2053 36 39 j’ai
1873 2053 8 38 à
1912 2053 168 38 accomplir...
2114 2053 39 37 S’il
2184 2053 0 36 y
2220 2053 0 36 a
2263 2053 103 36 quelque

1313 2090 0 40 «
1344 2090 75 40 chose
1462 2090 17 40 de
1525 2089 153 40 constructif
1712 2089 9 40 à
1755 2089 138 40 accomplir
1934 2089 17 39 et
1988 2089 17 39 si
2040 2089 37 39 des
2123 2088 144 40 problèmes
2310 2088 66 39 inso¬

1311 2127 0 37 «
1345 2127 112 37 lubles...
1483 2127 21 36 ou
1543 2126 36 37 qui
1608 2126 109 37 peuvent
1749 2126 101 36 paraître
1887 2126 177 36 insolubles..,
2090 2125 16 36 se
2145 2125 104 36 posent.
2278 2125 96 35 Mathé¬

1309 2164 0 39 «
1345 2162 198 41 matiquement,
1567 2162 22 40 ou
1625 2159 228 42 spirituellement,
1880 2159 18 41 ou
1937 2159 18 41 de
1994 2157 102 43 quelque
2133 2156 105 43 manière
2274 2156 39 42 que
2349 2155 18 43 ce

1310 2198 0 38 «
1344 2197 75 39 soit...
1448 2197 49 39 (j’ai
1525 2197 20 38 un
1583 2196 69 39 genre
1692 2195 104 40 d’esprit
1830 2195 37 40 qui
1896 2195 17 39 se
1951 2194 95 40 situe..,
2074 2193 121 41 vraiment
2227 2192 141 41 au-dessus

1309 2235 0 39 «
1344 2235 18 39 de
1397 2235 8 39 la
1440 2235 123 39 condition
1595 2235 147 39 humaine...
1763 2235 48 39 telle
1846 2235 83 39 qu’elle
1963 2235 16 39 se
2017 2235 152 39 présente...
2193 2235 19 39 en
2246 2235 129 39 général),

1307 2270 0 41 «
1343 2270 8 41 je
1391 2270 56 41 peux
1483 2270 121 41 résoudre
1643 2270 17 40 ce
1702 2270 67 40 genre
1811 2270 17 40 de
1867 2270 163 40 problèmes,
2061 2270 47 40 car,
2139 2270 20 39 en
2198 2270 47 39 fait,
2276 2270 17 39 si
2324 2270 39 39 l’on

1309 2305 0 38 «
1349 2305 0 38 y
1386 2304 115 39 réfléchit
1533 2304 67 38 bien,
1629 2304 11 38 la
1677 2304 64 38 seule
1781 2303 72 38 chose
1893 2303 38 38 qui
1963 2303 117 38 empêche
2120 2303 30 37 les
2187 2302 56 38 gens
2283 2302 19 37 de
2339 2302 32 37 ré¬

1308 2341 0 39 «
1344 2340 104 40 soudre,
1478 2339 176 42 eux-mêmes,
1680 2339 40 42 tels
1759 2338 160 44 problèmes,
1949 2337 36 45 est
2017 2337 62 45 qu’ils
2119 2336 55 46 sont
2204 2335 170 48 submergés.

1309 2378 0 39 «
1344 2378 64 39 qu’ils
1443 2378 56 39 sont
1528 2378 142 39 dégoutés,
1696 2378 153 39 écœurés...
1875 2378 38 39 par
1942 2378 29 39 les
2006 2378 134 39 difficultés
2174 2378 38 39 que
2249 2378 35 39 ces
2321 2378 51 39 pro¬

1308 2412 0 42 «
1344 2411 91 43 blèmes
1468 2411 46 43 leur
1543 2410 183 45 présentent...
1749 2410 72 45 avant
1851 2410 72 45 même
1959 2409 167 47 d’essayer...
2152 2409 20 47 de
2208 2408 163 48 commencer

1310 2447 0 41 «
1346 2447 10 42 à
1382 2447 30 43 les
1448 2447 122 46 résoudre

1309 2496 0 39 «
1345 2496 57 39 Mais
1438 2496 139 39 moi-même
1616 2496 8 39 je
1662 2496 44 39 n’ai
1736 2496 71 39 aucun
1845 2496 126 38 problème
2010 2496 142 38 personnel
2182 2496 8 38 à
2218 2496 156 38 résoudre...

1309 2534 0 40 «
1342 2534 63 40 c’est
1430 2533 19 40 un
1482 2533 38 40 peu
1553 2533 93 39 comme
1679 2533 19 39 de
1728 2532 19 39 se
1777 2532 99 39 trouver
1903 2532 8 38 à
1936 2531 52 39 bord
2021 2531 46 38 d’un
2103 2531 63 38 avion
2201 2531 19 37 ou
2253 2530 19 38 au
2308 2530 66 37 som¬

1309 2567 0 39 «
1343 2567 45 39 met
1422 2567 64 39 d’une
1523 2567 131 39 montagne
1694 2567 42 38 très
1772 2567 118 38 élevée...
1921 2567 17 38 et
1971 2567 17 38 de
2028 2567 50 38 tout
2109 2567 179 37 embrasser...
2319 2567 45 37 d’un

1310 2601 0 39 «
1343 2601 57 47 seul
1427 2601 53 46 coup
1520 2601 94 46 d’œil...
1641 2601 93 45 choses
1768 2601 20 44 et
1818 2601 90 43 gens...
1935 2601 60 42 alors
2032 2601 37 42 que
2106 2601 53 41 ceux
2196 2601 37 40 qui
2260 2601 16 40 se
2313 2601 64 39 trou¬

1312 2641 0 41 «
1349 2641 55 41 vent
1444 2641 17 40 en
1510 2640 37 41 bas
1593 2640 66 41 n’ont
1699 2640 84 40 qu’une
1831 2639 72 41 vision
1952 2639 175 40 terriblement
2170 2638 121 40 limitée...
2328 2638 38 39 des

1308 2677 0 39 «
1344 2676 111 40 objets...
1484 2676 17 41 et
1533 2676 17 41 de
1589 2675 59 42 leurs
1684 2674 173 44 semblables.
1887 2673 72 45 C’est
1988 2672 164 46 exactement
2185 2672 88 47 comme
2312 2671 59 48 pour

1307 2712 0 39 «
1340 2712 28 39 ma
1413 2712 126 39 musique.
1576 2711 84 39 Quand
1702 2711 59 39 nous
1803 2711 84 39 jouons
1929 2711 28 39 ma
1999 2710 145 40 musique...
2178 2710 50 39 telle
2271 2710 39 39 que
2352 2710 8 39 je

1307 2747 0 38 «
1343 2747 54 40 veux
1439 2747 9 41 la
1484 2747 99 43 jouer...
1615 2747 147 46 supposons
1804 2747 35 45 que
1881 2747 103 45 quelque
2025 2747 71 42 chose
2137 2747 20 40 ne
2195 2747 93 39 marche
2330 2747 35 37 pas

1308 2785 0 39 -
1343 2785 82 39 bien...
1450 2785 18 39 un
1500 2785 38 39 des
1570 2785 160 39 instruments
1762 2785 19 39 ne
1815 2785 94 39 marche
1943 2785 73 39 pas...
2040 2785 10 39 il
2074 2785 0 39 y
2106 2785 0 39 a
2141 2785 35 39 une
2210 2785 163 39 défection...

1310 2816 0 43 «
1343 2816 9 43 je
1391 2816 21 43 ne
1451 2816 58 42 peux
1545 2816 57 42 pas,
1632 2816 54 42 dans
1725 2816 15 41 ce
1779 2816 54 41 cas,
1864 2816 66 41 jouer
1963 2816 141 41 moi-même
2146 2816 18 40 de
2203 2816 169 40 l’instrument

1307 2855 0 43 «
1339 2855 18 43 en
1398 2855 129 42 question.
1560 2855 97 41 Comme
1698 2855 9 40 il
1736 2855 71 40 m’est
1839 2855 59 39 alors
1936 2855 147 39 impossible
2121 2855 21 38 de
2180 2855 124 37 corriger,
2333 2855 35 36 sur

1307 2891 0 39 «
1342 2891 9 39 le
1386 2891 103 40 champ,
1514 2891 19 40 un
1568 2890 37 41 son
1643 2890 38 41 qui
1706 2890 34 41 est
1768 2890 120 42 différent
1916 2890 19 42 de
1972 2890 63 42 celui
2063 2890 38 42 que
2135 2889 10 43 je
2179 2889 76 44 désire
2292 2889 82 44 créer,

1309 2923 0 38 «
1344 2923 53 39 avec
1432 2923 47 40 mon
1513 2923 167 41 orchestre...
1705 2923 37 42 que
1780 2923 56 43 nous
1871 2924 110 43 voulions
2015 2924 82 44 créer,
2125 2924 248 46 collectivement,...
