2480 3508
894 155 207 53 J. J. Johnson,

889 190 222 47 plusieures fois

894 222 271 48 lauréat du “Down

894 255 279 49 Beat Readers Poll;

891 290 280 51 joue sur trombone

891 327 214 45 8-B King avec

891 358 235 55 pavillon argent

891 389 101 55 massif.

241 1046 26 68 4

887 1344 206 59 Roland Kirk,

885 1387 275 47 lauréat du “Down

889 1420 278 49 Beat Readers Poll'

887 1459 276 45 en flûte, clarinette

885 1490 259 47 et saxophonc, ne

887 1524 193 50 joue que sur

885 1561 277 56 instruments King.

887 1662 216 58 "Cannonball"

887 1705 226 52 Adderley qui a

885 1740 310 49 également remporté

887 1773 224 43 le “Down Beat

883 1804 292 45 Readers Poll! joue

883 1833 290 49 sur saxophonc alto

883 1867 294 56 King Super-20 avec

881 1907 238 53 pavillon argent

883 1943 113 50 massif.

241 2001 706 111 KCINUUSA

230 2132 713 99 les plus hautes

228 2221 963 92 distinctions dans la

237 2313 755 91 recherche de la

245 2401 495 103 per fection

232 2506 939 64 Remporter un concours signifie, à notre avis, bien plus

232 2562 908 51 que la seule consécration de l’artiste lauréat. En fait,

232 2603 908 51 c’est le symbole de la volonté d’atteindre la perfection

232 2648 910 49 qui anime tout musicien sérieux. Bien entendu, nous

232 2689 963 49 sommes fiers que les instruments King soient utilisés par

232 2730 889 49 autant d’artistes de premier ordre et dont l’audience

232 2767 963 56 a été reconnue. Mais nous sommes encore bien plus fiers

232 2810 887 54 de satisfaire leur souci de perfection. Depuis 77 ans

232 2851 955 54 que nous fabriquons des instruments de musique, notre

232 2892 818 58 seule satisfaction a toujours été de rechercher et

233 2936 431 57 d’atteindre la perfection.

83 2987 1088 70 LING MUSICAL INSTRUMENTS USA

526 3061 655 80 Importateur exclusif: KING

526 3151 659 80 Ets S. M. L. STRASSER-MARIGAUX

528 3237 661 74 144-146, Bd de la Villette - 75019 PARIS

532 3305 339 72 fél. 208.40.79

1306 163 1078 41 fut, sans contredit, le meilleur concert de ce quartette depuis que ces mu¬

1308 189 1070 44 siciens sont arrivés à Paris. Une musique profonde, solennelle, mais joyeuse,

1308 214 1068 47 dans le cadre d’une sorte de cérémonie, d’une sorte de rituel. Une musique

1312 241 1072 43 qui semblait venir de très loin mais que, paradoxalement, beaucoup d’audi¬

1310 268 1072 43 teurs portaient déjà en eux-mêmes, au plus profond du subconscient. Moham¬

1310 296 1068 45 med Ali a déployé les prestiges d’une percussion vraiment dionysiaque,

1310 321 1066 47 Bobby Few joua le blues le plus dirty, le plus funky, avec une sorte de

1308 348 1074 45 dandysme... à la Stanley Cowell, quant au duo saxo-ténor-violon de Frank

1310 374 1070 39 et d’Alan ce fut une musique si exaltante que les auditeurs comblés res¬

1306 401 1074 47 taient sans voix à l’issue du concert, n’exprimant leurs réactions que par

1306 428 1078 45 des gestes très simples, des cris sensuels ou... d’affectueuses insultes...

2131 465 253 49 Maurice CULLAZ.

1298 547 700 47 MICHAEL SMITH au Centre Américain

1300 610 1090 48 Elton Dean (as, ss, sopranino); Michael Smith (p); Peter Warren (cello);

1298 647 569 40 Barre Phillips (b); Aldo Romano (dms).

1300 674 834 52 American Center for students and artists - 23 février 1973.

1298 701 1085 61 Le temps n'est plus où Michael Smith se faisait proprement jeter de la scène

1298 744 1086 45 par les sifflets d’un public hostile. Cette fois-ci (mais est-ce lui que l’on a

1300 773 483 45 applaudi) le succès était évident.

1302 797 1084 52 A la vérité, ce concert fut assez curieux. On attendait le planiste Michael

1298 834 1084 43 Smith au tournant, et c’est M.S. le musicien que l’on a découvert. Il m’est à

1298 861 1088 47 peu près impossible de parler de l’instrumentiste : point ici de démonstration de

1300 886 1082 47 savoir-faire pianistique, point de feeling tel qu’on le rencontre chez d’autres

1302 915 1082 45 planistes. Loin des rêveries et des précisions évansiennes, loin des déluges

1298 941 1084 47 d’énergie tayloriens, loin des silences de Bley et des chants de Jarrett ou

1304 968 1082 43 de Corea, le discours individuel de Smith peut paraître rudimentaire, voire

1298 993 1084 47 insipide. Mais si — pour l’instant — on ne peut parler de (sur) son discours

1302 1025 1084 42 que négativement, ne serait-ce pas qu’il dérange le patrimoine culturel (moteur

1298 1048 1084 43 de la re-connaissance) des auditeurs et des critiques? Il s’affirme comme

1302 1075 1080 45 autre, antithèse d’un planiste-leader tel qu’on en connait, se contentant de

1302 1103 1082 46 jeter quelques bribes mélodiques en pâture à ses compagnons, pour dispa¬

1300 1128 1086 45 raître ensuite en se fondant dans le sound du groupe, ne réapparaissant

1298 1157 907 45 brièvement que pour commenter ou modifier la direction prise

1300 1188 1086 47 C’est l’existence, à la fois conjointe et distincte, de ces deux moments (intro¬

1300 1220 1080 44 duction/disparition) du travail de Michael Smith qui fut la clef de son succes

1304 1249 1082 41 D’une part, parce que ses thèmes sont de très belles compositions dans

1300 1274 1082 41 lesquelles son rôle introductif consiste à donner une indication de climat et

1304 1299 1082 45 ici encore la référence à Braxton s’impose, dans la relation écrit (pour)

1304 1325 992 43 improvisé. D’autre part, le faît qu’il s’efface, jouant en arrière e

1300 1352 1086 45 compagnons, a énormément contribué à donner l’impression que c’était véri¬

1302 1383 446 45 tablement un groupe qui jouait.

1300 1410 1084 49 Elton Dean, ancien du Soft Machine, s’imposa par sa très belle sonorité.

1306 1446 1074 42 Loin de Coltrane. — chose plutôt rare — elle fait plutôt référence à ce

1300 1471 1084 43 que l’appelerais (faute d’un autre vocable) l’- école » européenne (Surman,

1302 1498 1084 41 le groupe ICP, Portal). Il opéra une véritable exploration des segments mélo¬

1300 1522 1084 46 diques des thèmes, s’attachant à les découper, les restructurer, pour finir

1302 1553 1078 45 par ces longues plaintes paroxystiques dont on avait un peu perdu l’habitude

1300 1578 1086 43 Le jeu dépouillé, simple, extrêmement direct et percutant d’Aldo faisait

1300 1605 1086 45 merveille parmi les arabesques d’Elton Dean et des loueurs d’archet. Mais les

1306 1635 1076 42 moments les plus intenses furent les splendides duos basse-violoncelle.

1302 1660 1088 43 Barre Phillips, donna un nouvel exemple de la taille de son talent, sans

1302 1687 1084 41 cesse étonnant de musicalité, de pureté, de justesse. Barre est un de ceux

1300 1715 1086 42 dont chaque note est à citer. Peter Warren fut pour lui un interlocuteur

1306 1740 1082 45 parfait. Sa virtuosité au violoncelle n’est pas sans évoquer celle de Ron

1302 1767 1080 41 Carter. Réagissant au quart de tour aux intentions de ses partenaires, inflé¬

1304 1792 1082 45 chissant lui aussi le déroulement de l’improvisation, alliant sa sonorité tour

1295 1800 1088 76 tour à celle du piano, du soprano, de la basse ou même de la batterie,

1306 1849 474 49 il fut la clé de voûte du groupe

1300 1882 224 47 Affaire à suivre

2189 1892 201 68 Alex DUTILR.

1308 1993 296 43 SLIDE à Raspail

1306 2052 1004 45 Slide Hampton Sextet, American Center, boulevard Raspail, 24 février.

1310 2093 1066 46 Le même soir, au Centre américain du boulevard Raspail, Slide Hampton

1307 2098 1076 76 Sonny Grey, Hal Singer, Siegfried Kessler, Alby Cullaz et Damiel Humair

1312 2151 407 49 ont fait un excellent concert

1310 2184 1080 45 Slide, qui dirigeait et qui avait rapidement mis au point quelques - head

1312 2215 1074 45 arrangements » simples mais efficaces, joua des choses affolantes : une

1312 2243 1074 43 des plus belles techniques instrumentales au service d’une inspiration cons¬

1310 2270 1078 41 tante. Sonny, dont c’était (avec le concert de la rue d’Ulm) en quelque

1312 2295 1076 45 sorte, la rentrée, continua à étonner ceux qui croyaient, cependant, le bien

1310 2323 1074 44 connaître. Hal joua merveilleusement avec cette saveur de Soul, de r.n.'b.

1312 2350 1076 43 qui est sa marque. Siegfried était en grande forme, Alby fit valoir sa volu¬

1310 2375 1074 47 mineuse et moelleuse sonorité en acccompagnement comme en solo, et Daniel

1310 2402 1078 47 fut aussi brillant et Intelligent qu’à l’accoutumée. La salle était archi bondée

1312 2432 401 43 et les gens hurlaient de joie

2121 2457 273 60 Pierre CRESSANT.

1304 2545 992 52 JOACHIM KUHN - PETER WARREN - DANIEL HUMAIR

1304 2613 774 49 Théâtre de la Gaité Montparnasse, le 24 février 1972

1304 2648 1084 49 De la bonne, de la belle, de la grande musique. Plus on écoute ce trio, plus

1310 2674 1076 50 on a envie de le réentendre, le fourmillement d’inventions des trois parte¬

1308 2703 1080 50 niares faisant regretter l’impossible retour dans le temps. Au fil des presta¬

1307 2730 1076 50 tions, depuis la création de l'ensemble, les oeuvres à la fois s'affinents,

1310 2759 1074 45 se dépouillent et s’enrichissent. Une telle densité est le fait des meilleurs

1314 2788 1074 45 Il est tout de même regrettable qu'un tel trio ne puisse bénéficier d'un lieu

1306 2812 1078 45 d’écoute permanent. On ne peut pas dire que les choses s’arrangent à Paris

1306 2839 1078 47 Après Phil Woods et quelques autres, Joachim Kühn a quitté la France. En

1306 2866 1080 47 Allemagne, il peut se produire avec ses partenaires, avec le groupe Associa

1308 2894 1080 46 tion de Pierre Courbois et bientôt avec Jeremy Steig. Ses prestations ici se

1306 2923 702 47 raréfiant, il ne faut surtout pas les laisser passer.

2158 2954 236 45 Alain TERCINET.

1302 2985 864 55 Les mêmes, Salon du Son, Grand Palais, 22 Février 1972.

1308 3024 1084 51 Ce ne sont pas des choses bonnes à dire, aussi se dispense-t-on générale¬

1308 3057 1080 43 ment de les imprimer. L’honnêteté me pousse néanmoins à écrire sur des

1310 3083 1078 46 musiciens qui me sont particulièrement chers que commence à poindre dans

1314 3110 1070 45 le trio une économie, une répétition — répertoire inchangé depuis un mois

1308 3137 1076 45 Boby & Soul en solo, une bossa, un coup de bop sur All the Things

1310 3160 1073 52 le morceau free à l’alto, le morceau Peter Warren, la ballade — qui vient

1308 3192 1080 47 altérer ce que dans Joachim Kühn nous nous plaisons à aimer : la sauvagerie.

1314 3219 347 70 A suivre, en tremblant..

2142 3241 252 76 Laurent GODDET.
