2480 3508
109 144 325 70 (Suite de la page 13)

120 194 1069 57 — Niveau sonore utilisé comme moyen d’expression au même titre que la

118 235 1077 47 hauteur ou le timbre. Cette utilisation de l’énergie acoustique atteint parfois

128 257 1065 52 la recherche d’effets quasiment physiologiques sur l’auditeur en suscitant

118 282 470 51 l’émotion de la surprise viscérale

120 321 1075 45 — Construction empirique, préparée pendant quelques minutes par les essais

120 352 1073 43 successifs des différents musiciens, d’agrégats de timbres qui aboutissent à

119 374 1071 55 un : unisson - dont, encore une fois la durée n’est pas significative, et

120 409 854 45 dont seule la constatation que cela a existé une fois importe.

120 438 1075 45 L’illuslon de la continuité dans l’expression créatrice était déjà repérée par

128 467 1061 43 la vieille question surréaliste : peut-on par un processus continu de trans¬

122 495 1069 44 formations successives infiniment proches les unes des autres passer d’un

124 524 1067 41 objet à un autre et transformer par exemple de cette façon un président de

126 549 1065 43 la république en fer à repasser? La réponse est non, cela est en effet

122 574 1067 47 impossible, pour passer de l’un à l’autre, pas d’évolution possible, un seu

122 602 595 46 moyen : mettre l’un à la place de l’autre

986 627 207 59 Jean DELMAS.

113 746 768 54 SUPPLÉMENT AU VOYACE DE COOK (*)

120 849 1071 51 A part le Ronnie Scott's Club, il n’y a pas à proprement parler de

122 882 1071 41 - boîtes» de jazz. En revanche de nombreux - pubs» accueillent régullè¬

116 906 1073 48 rement et en général à jour fixe des orchestres moyennant une légère

120 935 1073 45 augmentation du prix des boissons ou un droit d’entrée (3 à 5 F). Voici

118 962 677 49 quelques adresses qui peuvent vous être utiles

128 995 653 49 — Ronnie Scott's Club : 47 Frith Street, W. 1

120 1027 706 46 (Jazz moderne en général et musiciens américains

152 1052 842 45 Jazz Center Society : Warehouse D, St. Katherines Dock

126 1079 482 47 East Smithfield E. 6. Tél. : 639 666

124 1108 601 45 Indicatif O7 si vous n’êtes pas à Londres.

120 1132 1075 49 (Peut vous donner par téléphone tous renseignements au sujet des concerts

122 1163 232 45 qu’elle organise.

122 1184 704 55 — Phoenix, Cavendish Square (Mo Oxford Circus)

122 1227 652 47 Tous les mercredis soirs, 8 pm. jazz moderne.

126 1266 1065 53 — Little Theater Club, Garrick Vard, St Martin's Lane (Mo Leicester Square).

124 1297 482 45 Vendredi soir : lazz d’avant-garde

120 1325 457 45 Samedi soir : Jazz d’avant-garde

157 1344 597 53 New Merlins Cave, Margery Street, We 2

118 1377 1079 47 Programmes le dimanche (12 heures), lundi, mardi, jeudi, vendredi, dimanche

126 1407 455 41 soir (se renseigner) : middle jaz

130 1428 876 47 — Cock Tavern, Great Portland Street, W 1 (Mo Oxford Circus)

124 1459 414 43 Jeudi soir : jazz d’avant-garde

128 1470 989 64 —  Torrington, Finchley High Road/Lodge Lane, Woodside Park Station

122 1512 324 45 Le jeudi : lazz moderne

150 1533 758 47 Monday Nights in a Hundred, 100 Oxford Street. W 1

120 1568 303 43 Lundi : jazz moderne

163 1592 739 45 White Hart Inn, Devonshire Hill Lane, Wood Green.

118 1621 316 41 Mercredi : Middle laz

169 1642 554 49 Ye Olde Whyte Harte, Drury Lane, WC

124 1668 650 50 Vendredi, samedi, dimanche : Jazz traditionnel

120 1699 854 43 — Notre Dame Hall, Leisester Place (Mo Leicester Square)

122 1734 796 45 Concerts le vendredi, lazz d’avant-garde. Se renseigner.

126 1765 800 45 D’autres renseignements peuvent être obtenus en lisant :

122 1791 648 44 What's On, Time Out, dans tous les Kiosques

130 1820 835 41 Les orchestres : Brotherhood of Breath, cf. lazz Hot no 290.

120 1839 1075 47 Kincade : excellent orchestre de jazz moderne, à ne pas manquer (avec un

126 1872 1016 45 petit trompettiste, Henry Lowther, dont vous nous direz des nouvelles !)

120 1894 1071 49 Splinters : Jazz d’avant-garde, avec entre autres Kenny Wheeler (tp) qui ne

124 1927 570 45 devrait pas vous être totalement inconnu

120 1954 856 49 Isotope, Amalgum, deux formations du guitariste Gary Boyle.

128 2002 1068 82 On aura reconnu sous son ticomne britannique l’amral (’admirables

116 2034 110 76 Semas

947 2081 252 47 1.P. TURBERGUE.

115 2202 1062 89 ABONNEZ-VOUS A JAZZ-HOT

165 2315 1032 50 en adressant le bulletin ci-après 14, rue Chaptal, accompagné

167 2350 1028 64 d’un chèque bancaire ou chèque postal (C.C.P. Paris 1925-10)

469 2391 423 56 de F 40 (étranger : F 50)

128 2455 341 47 ....... à découper--

144 2562 1008 113 BULLETIN d’ABONINEMENT

148 2699 627 58 le soussigné (nom)..............

152 2786 497 67 Prénom...............

155 2884 872 54 Rue..................................... .

148 2970 1019 52 Ville.................. (département ou pays)............

150 3028 1027 76 désire m’abonner à la revue lazz-Hot pour un an (11 numéros).

553 3096 614 61 Signature:...

132 3301 61 58 22

1296 173 951 47 FROM SATCHMO TO MILES, par Leonard Fenther

1300 208 776 68 Par Leonard Feather (Stein and Day, New Vork, 8 7.95).

1306 274 1070 47 Ce livre comporte treize chapitres indépendants les uns des autres, et

1302 302 1080 44 consacrés respectivement à Louis Armstrong. Duke Ellington, Billie Holiday.

1302 329 1078 45 Ella Fitzgerald, Count Basie, Lester Young, Charlie Parker, Dizzy Gillespie.

1302 356 1072 41 Norman Granz, Oscar Peterson, Ray Charles, Don Ellis et Miles Davis —

1304 383 1076 45 onze musiciens, deux chanteuses et un impresarlo. Ce n’est pas une his¬

1302 409 1076 45 toire du lazz que l’auteur déguiserait en cette succession de présentations,

1306 436 1076 43 ni une série d’études musicologiques. Ce livre constitue en fait un ensemble

1304 463 1078 45 de portraits : Leonard Feather parle de personnages qu’il connait ou qu’il a

1302 491 743 39 connus, et dont il évoque la musique et la carrière

1304 516 1076 45 Feather n’a pas cherché à être objectif à tout prix, et il ne propose pas

1304 545 1076 43 non plus ses esquisses comme des présentations “ définitives ». Mais le

1306 572 1074 43 fait est qu’il connait suffisamment bien ses sujets pour que le lecteur appré¬

1302 598 1076 41 cie cette double qualité, d’objectivité et de sérieux, en lisant ces pages.

1302 623 1076 43 Ainsi, la succession d’instantanés qu’il offre de Louis Armstrong à différents

1302 648 1078 45 moments de sa carrière — de 1929 à 1970, avec un hommage à sa mémoire

1304 680 1074 39 daté de 1971 — donne de l’homme et de l’artiste une image beaucoup plus

1302 703 1078 45 convaincante et profonde que mainte série de superlatifs béats. De même, la

1306 730 1072 45 silhouette déconcertante de Don Ellis, musicien expérimentateur avide de

1304 760 1074 42 nouveauté mais citoyen aux idées politiques profondément conservatrices,

1302 783 1078 47 possède une cohérence psychologique certaine. Leonard Feather parvient

1302 808 1078 47 d’autre part à éclairer la personnalité complexe de Norman Granz : l’homme

1304 836 1072 42 d’affaires, l’amateur de jazz, le despote et le mécène se concilient er

1302 865 1078 43 fonction des buts à atteindre. On appréciera également l’évocation d’Oscar

1304 892 1076 43 Peterson, chez lequel Feather apprécie à juste titre les qualités de probité, et

1306 919 1070 43 de conscience, ainsi que la recherche constante de la perfection (que ce

1306 943 1078 47 soit en musique ou hors de celle-ci) (cf. notre Interview dans ce même

1306 970 103 45 numéro

1302 993 1082 45 Les critères selon lesquels Leonard Feather a choisi les personnalités pré¬

1304 1023 1076 43 sentées dans ce livre ne sont pas nécessairement ceux de l’importance

1302 1048 1076 41 historique : cette considération justifierait naturellement l’inclusion d’Arm¬

1306 1077 1072 41 strong. d’Ellington, de Basie, de Parker et de Davis, mais non celle de

1306 1103 1072 44 Charles et d’Elis (et elle n’expliquerait pas l’omission de Hawkins, de

1302 1130 1080 41 Goodman ou de Coltrane par exemple). La recherche d’une certaine pers¬

1302 1157 1076 45 pective historique est incontestable, mais aussi le désir de parler de gens

1306 1182 1076 47 que l’auteur a eu l’occasion d’approcher, et pour lesquels la connaissance

1306 1212 1072 41 de l’homme peut contribuer à une meilleure compréhension de la musique.

1300 1237 1078 43 Leonard Feather possède par ailleurs un excellent style Journalistique (au

1306 1264 1074 45 meilleur sens du terme), dans lequel la clarté va de pair avec la simplicité.

1307 1289 1070 49 il ne cherche jamais à briller aux dépens de ceux dont il parle, et cela

1304 1319 735 39 rend la lecture de ces pages extrêmement attrayante

1306 1342 1080 43 Voilà donc, au total, un excellent livre, qui constitue aussi et sans avoir

1302 1368 505 46 l’air une excellente leçon d’humilité

2064 1389 318 51 Demetre IOAKIMIDIS.

1296 1471 794 49 NEW VORK, NEW VORK par Noah Howard

1298 1545 1088 51 Le sujet le plus Important et le plus intéressant à l’heure actuelle pour les

1296 1580 1082 41 musiciens new-yorkais est la préparation du prochain festival. Les organisa¬

1304 1609 1084 41 teurs sont les mêmes que l’an passé : Milford Graves, James Dubois, Juma

1298 1633 368 44 Sutan, Rashied All et moi.

1298 1658 1082 49 Nous avons, avec l’aide d’autres musiciens, organisé les concerts qui se

1298 1687 1086 43 donneront dans les cinq quartiers de la ville et ce pendant les quinze

1302 1713 1084 46 premiers jours de juillet. Dix-huit groupes joueront à l’Alice Tully Hall au

1300 1742 832 43 Lincoln Center dans le cadre du festival de George Wein

1302 1763 1080 47 Le 16 février a eu lieu un concert donné par Joe Lee Wilson à l’université de

1304 1796 1080 43 N.Y. Son groupe se compose de Monty Waters (as, ss). Dany Mixon (p).

1300 1820 1084 45 Teruo Nakamua (b). Rashied Ali (per) et Napoleon Ravels (d). Clifford Thorn¬

1300 1845 1082 47 ton assurait la deuxième partie. Le film -Lady sings the blues , continue de

1302 1874 1084 45 faire parler de lui ; Diana Ross a recu le prix de la meilleure Interprétation

1298 1902 1086 44 féminine (I) le film reçoit les prix pour : la direction artistique, les costumes.

1302 1931 622 41 le scénario (never published or produced! !)

1302 1954 1084 49 De bons concerts ont eu lieu au Village Gate, patronnés par la Jazz Inter¬

1298 1983 1090 41 actions avec entre autres Dave Burrell, Harold Mabern trio, Roland Hanna

1302 2011 1088 43 trio, Barry Miles trio et Willie Smith, Sun Ra et son Intergalactic Disci¬

1300 2038 197 45 pline Arkestra

1300 2054 1088 50 Ornette Coleman enseigne au Queensborough Community College : Il figure

1302 2091 1084 44 désormais dans l’Encyclopedia Britanica comme ayant une importante influence

1300 2116 1088 43 dans l’évolution du jazz moderne. (NDLR. Tout arrive). Dans les clubs on peut

1302 2145 1086 45 noter les prestations de Clifford Jordan au Brownie’s Again; le 3600 Expe¬

1300 2171 1084 42 rience de Crachan Moncur IIl, Sun Ra, Pharaoh Sanders au East; Monk au

1304 2198 1086 41 Top of the Gate; Thad Jones/lewis au Vanguard ; Duke Pearson † 17 pieces

1302 2227 324 43 big band au Half Note

1302 2250 1092 49 Le mois prochain, d’autres nouvelles de notre festival, vous serez servis les

1300 2280 117 45 premjers

1306 2297 1082 55 Byard Lancaster dont on a annoncé plusieurs fois la venue nous a donné de

1304 2332 1084 45 ses nouvelles. Ses projets n’ont pas abouti parce qu’à Philadelphie le lazz

1304 2360 1080 42 se porte bien et qu’il y a beaucoup de travail. - Je voulais venir à Paris et

1304 2387 1082 45 puis ici la musique a pris un nouveau tournant, en plus des concerts et des

1302 2414 1086 47 cabarets l’étudie la musique électronique, je prends des leçons et l’enseigne

1310 2441 273 45 et j’ai ma formation

1310 2452 1073 59 Il y a une dizaine de clubs dont cinq se sont ouverts cette année, dix

1304 2492 1086 43 stations de radio et d’autres à venir ; Sonny Murray habite à côté de chez

1304 2519 1086 41 moi, ainsi que Sun Ra, Kirk vient d’arriver. le loue assez souvent au

1304 2549 1084 41 Trey's House of lazz, Sonny Murray va y passer les 9, 10, 11 mars ainsi que

1304 2576 1084 45 plusieurs membres de ma formation comme Khan Jamal et Monnette Sudler. =

1304 2601 1086 41 C’était la rubrique - j’ai même rencontré un musicien heureux -. (A noter que

1306 2631 1080 42 l’on peut avoir une idée de la musique actuelle de Byard Lancaster en

1302 2654 1084 41 écoutant le disque qu’il a enregistré en 1972 pour sa propre marque : Sound

1304 2681 793 47 of Liberation, P.O. box 18955, Philadelphia. PA. 19119.)

1304 2757 481 51 NOUVELLES ORLEANAISES

1306 2825 1088 51 Pour ceux qui se rendront à la Nouvelle-Orléans pour le - JAZZ AND HERI¬

1304 2860 752 43 TAGE FESTIVAL ., voici le programme des réjouissa

1304 2872 951 55 Mardi 10 avril ; Croisière à bord du riverboat. S.S. PRESIDENT .

1308 2915 647 43 Pete Fountain/Crawford-Fergusson Night Owls

1310 2923 1082 64 Mercredi ir abriSalute to the kmg of Sviing, au Municipal, Auditorium.

1304 2935 1088 84 Stergse Gobamanle es Salate, o he lano sot. Svenor, au, Munte pgl seuditoSem.

1310 2997 78 45 Pierce

1308 3012 838 53 Jeudt 12 avril : « Blues 8 Roots » au Muntcipal Auditorium.

1308 3050 579 40 Howlin' wolf/Taj Mahal/lohn Lee Hooker

1308 3075 856 47 Vendredi 13 avril : - Soul ot lazz» au Municipal Auditorium

1310 3081 1088 67 8° E. Kingfthe Stapple Singers /pave Brubeck. Gerry Mulligan, loe Newmant

1310 3133 202 41 Margie Joseph

1310 3145 860 96 Samed Ja ail, ¿NoUs, eS StS a N. MuntCIAL (AUdUeER

1316 3168 1073 65 Stevie Wonderstierbie Mann/F athead Newmanffioland KiridThe Ramsey Lewis

1310 3211 421 76 tioffhe Olympia Brass Bane

2049 3223 349 53 lean-Plerre DAUBRESSE.
