2480 3508
313 680 367 64 Lou + Big Bond

163 804 659 57 A l’occaston de l’enregistrement d’un disque

163 841 655 47 supervisé par lean Tronchot pour Philips.

163 875 653 50 l’organiste Lou Bennett a opposé, sous forme

163 908 655 41 de dialogue, son trio (constitué avec René

165 935 655 47 Thomas et Kenny Clarke) au - Grand Orches¬

163 966 650 47 tre de lazz de Paris ». De quoi s’agit-il ?

165 997 655 45 D'un deuxième grand orchestre régulier fran¬

165 1030 655 43 çais (parallèlement à celui de Jean-Claude

165 1060 653 50 Naude, fait de musiciens différents) qui pos¬

163 1095 657 41 sède l’avantage de répéter scrupuleusement

161 1122 659 47 toutes les semaines depuis plusieurs mois (pré¬

163 1153 655 49 cisément le lundi au studio Davout) et d’être

163 1184 655 51 composé des meilleurs musiciens de studio

161 1218 655 46 de Paris, habiles lecteurs et bons improvisa¬

163 1249 653 47 teurs. Cette formation rodée par

163 1278 653 43 la pratique, est maintenant prête pour

161 1311 655 47 tous les genres de sport musical, notam¬

163 1344 655 47 ment le jazz. Lou Bennett en a fait l’expé¬

163 1373 653 47 rience en gravant un thème de lui (- Echoes =)

161 1405 653 43 et deux de Donald Byrd (« That preachin' man »

163 1434 651 51 et - Pentacostal feeling -) arrangés par Do¬

163 1465 655 47 nald lui-même. Ivan Jullien se contentant du

163 1494 653 51 rôle modeste, mais ó combien Important, de

161 1529 655 47 premier trompette avec Maurice Thomas, Chris¬

163 1559 653 48 tian Chevallier se chargea de la direction de

163 1592 651 48 l’orchestre. Cinq trompettes, quatre trombones.

161 1625 652 43 cinq saxes et une rythmique qui - jazzent :

161 1654 655 49 comme des possédés. Les orchestrations ayant

163 1685 651 45 visiblement pour but principal de faire swin¬

161 1715 653 46 guer chacun au maximum, la musique fut

161 1744 653 47 suffisamment Joyeuse et détendue pour avoir

161 1775 653 51 l’heur de rallier les suffrages des amateurs de

157 1806 310 55 jazz et... des autres.

508 1837 283 59 Pierre CRESSANT.

323 2019 328 48 Jean-Claude Naude.

210 2058 552 50 et Stéphane Guerault à l’O.R.T.F.

963 670 618 53 Atlantic a publié un disque d’une harpiste

918 707 657 45 de jazz, Dorothy Ashby. Le LP Philips de

916 736 661 51 Raymond Fol sur les - Quatre Saisons de

918 767 540 49 Vivaldi » a été publlé aux Etats-Unis.

920 824 659 58 o Le jazzman le mieux placé actuellement au

918 867 659 45 classement des ventes de 30 cm aux U.S.A.

918 892 657 51 est Ramsey Lewis, le pianiste, grâce à son

918 923 565 53 succès « The in a crowd », sur Cadet.

924 986 657 46 o Trois jazzmen sont morts récemment aux

918 1017 661 45 U.S.A. Le clarinettiste Hank d’Amico est dé¬

916 1048 659 49 cédé le 3 décembre, à New York, d’un cancer.

920 1075 655 51 Il enregistra notamment en 1944 avec Johnny

916 1106 661 45 Guarniert et Lester Young. Le saxophoniste

918 1140 659 48 Frank Haynes est mort le 28 novembre. à

918 1169 655 47 l’âge de trente-sept ans, d’une tumeur maligne.

916 1202 661 47 Haynes avait joué avec Curtis Fuller et Al

916 1233 661 47 Grey. Walter Bishop. Randy Weston. Il enre¬

916 1266 661 43 gistra également avec Les McCann, Dave

916 1296 661 44 Bailey, Stanley Turrentine, Blue Mitchell. En¬

916 1323 659 47 fin, le drummer traditionnel Richard Curry

916 1358 661 47 s’est éteint à Chicago, à l’âge de soixante et

914 1391 144 47 onze ans.

920 1442 659 54 o Johnny Griffin a été blessé dans un acci¬

918 1483 661 44 dent de voiture. Le véhicule, que conduisait

918 1514 655 45 Alby Cullaz, a heurté une voiture à l’arrêt.

918 1543 659 45 Le conducteur et Art Taylor n’ont rien eu et

918 1574 425 53 Griffin est tout à fait rétabli.

924 1629 27 60 o

959 1633 620 50 On parle de tourner un film sur la vie

916 1668 273 52 de Jack Teagarden.

920 1720 653 59 0 Le New York Art Quartet (Roswell Rudd.

916 1761 659 47 John Tchicai, Walter Booker, Milford Graves)

920 1794 651 47 a donné une série de concerts à New York.

916 1822 659 45 Sur le programme, les instruments étaient

916 1855 657 51 rebaptisés. Le trombone de Rudd était indiqué

916 1886 657 43 comme - aérophone à coulisse -; on parlait

920 1915 649 51 du saxo alto de Tchicai en ces termes :

918 1944 653 47 - aérophone à lamelle vibrante » et la batte¬

916 1976 655 46 rie de Graves : » Idiophone ou membrano¬

914 2005 123 53 phone -

920 2065 653 57 o George Shearing a du être hospitalisé à

914 2106 661 53 cause d’un ulcère. Il est en vole de guérison.

922 2159 655 58 ° Donald Byrd a enregistré avec le quartette

914 2200 474 49 de Wes Montgomery pour Verve.

920 2243 655 60 O Chet Baker a encore des ennuis avec la

912 2287 663 45 police. Il a été arrêté alors qu’il poursuivait

914 2323 476 54 un engagement au Shelly Manne.

920 2375 653 47 o Le drummer Osie Johnson est très malade.

914 2406 661 57 Il est hospitalisé au Jamaica Hospital de Long

914 2440 97 58 Island.

922 2482 655 59 o Le saxophoniste alto Willie Smith étudie la

914 2523 661 57 flute, la clarinette basse et se produit à Las

914 2558 97 49 Vegas.

924 2607 653 55 0 Duke Ellington, Pee Wee Russel, Thelo¬

914 2644 657 51 nious Monk et Dave Brubeck ont participé au

914 2677 655 53 Festival de Boston qui s’est déroulé les 21

914 2710 195 45 et 22 janvier.

922 2759 655 55 o Gerry Mulligan a joué avec Stan Kenton

914 2790 661 61 lors d'un concert, donné le 10 janvier, à Los

914 2825 127 53 Angeles.

926 2886 651 49 O Kenny Burrell, en plus de son travail de

918 2915 655 47 studio, dirige un quartette qui se compose de

912 2942 663 61 Richard Wyands (plano). Martin Riviera (basse)

912 2977 382 230 et Oliver Jackson (drums).

1678 678 657 50 o Sont attendus en Angleterre : Woody Her¬

1672 707 665 51 man et Thelonious Monk, pour mars. Avant

1672 740 659 47 doivent s’y produire Red Allen et Earl Hines.

1672 771 661 57 Rex Stewart a déjà une tournée prévue en

1670 800 69 53 mai.

1676 855 657 57 0 L'orchestre des Hot Peppers, de Marseille.

1672 888 661 55 devant participer au Festival de Jazz de Saint-

1672 919 661 49 Leu-la-Forêt (Val d’Oise). l’AFAINO organi¬

1672 954 663 45 sera, le dimanche 6 mars, un concert avec cet

1672 986 661 46 orchestre dans une salle de Paris. Une for¬

1672 1015 663 56 mation parisienne participera à cette manifes¬

1672 1046 90 49 tation.

1676 1093 659 54 o Dans le cadre des soirées organisées par

1680 1132 649 50 l’association - Connaissance des Hommes ".

1676 1163 659 47 les Haricots Rouges donneront un concert le

1674 1200 657 43 mardi 15 février, à 21 h. 30, au Théâtre muni¬

1670 1223 663 49 cipal de Fontainebleau (Seine-et-Marne). Gé¬

1672 1260 490 47 rard Conte présentera l’orchestre.

1680 1303 653 61 2 Le Bureau Directeur de l’AFAINO a été

1672 1342 661 55 définitivement constitué comme suit : Gérard

1670 1375 661 45 Conte, président ; Alain Scheidemann, vice¬

1672 1410 659 49 président ; Philippe Mary, secrétaire général :

1670 1440 659 45 Pierre Gérin, trésorier. Le conseil d’adminis¬

1676 1467 651 47 tration comprend en outre : Douglas Baker,

1672 1502 661 43 Roger Bonhomme, Dantel Fraemke, Daniel

1670 1529 550 55 Barda, Pierre Jean et Mireille Robert.

1672 1621 661 47 de l’AFAINO un petit bulletin chargé de main¬

1731 1580 604 60 1 a été décidé d’adresser aux membres

1672 1650 659 47 tenir le contact entre tous les amateurs de

1672 1681 659 49 Jazz Nouvelle Orléans. Un service d’héberge¬

1672 1715 659 46 ment et d’accueil est prévu pour recevoir

1672 1744 659 47 les membres de passage à Paris. Il est toute¬

1672 1771 661 55 fois recommandé de prendre contact avec

1676 1804 521 47 l’AFAINO plusieurs jours à l’avance.

1674 1853 659 58 o Pour tous renseignements concernant les

1672 1894 659 49 activités de l’Association Française des Ama¬

1672 1923 661 51 teurs de Jazz Nouvelle Orléans, écrire direc¬

1672 1950 659 59 tement au siège social : 14, rue Chaptal,

1672 1983 659 55 Paris (9e). Cotisation annuelle : 10 F (à verser

1672 2019 377 46 au C.C.P. Paris 20.869-83).

1674 2063 659 59 o Les Swingle Singers donneront deux con¬

1674 2106 659 51 certs les 2 et 7 février au Théâtre des

1674 2135 657 49 Champs-Elysées. Le grand orchestre de lean¬

1674 2163 657 56 Claude Naude sera le 25 au Théâtre Gérard

1674 2196 655 53 Philippe de St-Denis (20 h. 30). Oscar Peter¬

1672 2229 661 62 son et le LA.T.P. sont annoncés pour le 25

1672 2264 199 45 mars à Paris.

1926 2525 154 49 ERRATA

1700 2582 627 52 Quelques fautes d’impression s’étant

1668 2621 661 56 glissées dans le dernier texte de Gérald

1668 2654 657 54 Merceron sur André Hodeir (numéro de

1672 2693 655 52 janvier, l’auteur nous prie de les recti¬

1674 2730 651 53 fier. Il fallait lire : page 18, 3e colonne.

1670 2765 657 49 ligne 26 : = trilles très originaux » au

1668 2798 657 51 lieu de » très originales »; et - celui

1668 2835 656 57 d’Hodeir » au lieu de - celle d’Hodeir »,

1668 2870 657 55 page 20, troisième colonne, ligne 66;

1668 2909 657 47 en outre, » décontraction » au lieu de

1672 2940 655 69 - décontractation » à la page 19, troi¬

1017 594 458 54 Les Hot Peppers de Marseille.
