2480 3508
89 477 451 56 d’un club à l’autre...

89 574 710 45 Paris au mois d’août... les amateurs de

91 610 708 54 jazz moderne furent réduits à la portion

91 647 708 44 congrue. Apollo, Gill’s Club, Living Room

91 680 708 50 fermés.. Le Chat qui Pêche également et

91 717 706 48 l’on peut se demander pourquoi, étant don¬

89 752 708 45 né le nombre de touristes qui passent cha¬

89 789 710 41 que soir rue de la Huchette en cette sai¬

91 822 708 51 son... Seul le Riverboat, contrairement à ce

89 859 710 45 que nous avions annoncé dans notre der¬

89 894 710 49 nier numéro, devait rester ouvert et nous

89 927 708 47 avons pu y entendre outre les orchestres

91 966 708 45 habituels (Mowgli Jospin le vendredi et

89 997 706 49 l’lrakli Jazz Band le samedi), le trio de

91 1034 704 49 Siegfried Kessler composé de Didier Le¬

89 1069 708 47 valet à la basse et d’Alain Légner à la

91 1101 708 48 batterie; Alain Guérini efficacement secon¬

87 1138 710 48 dé par Claude Lebiguegnon annonce pour

89 1177 702 43 la rentrée des programmes de jazz mo¬

87 1208 710 52 derne pour tous les soirs de semaine ainsi

89 1247 708 45 que quelques améliorations au confort du

87 1284 168 47 Riverboat.

87 1321 710 51 Côté traditionnel, le Caveau de la Huchette,

87 1360 710 47 ouvert tout l’été, n’a pas désempli avec le

89 1397 708 43 septet de Dany Doriz, maître des lieux. Les

89 1426 708 47 Trois Mailletz ont présenté successivement

89 1467 706 43 Bill Coleman et la chanteuse (très appré¬

89 1502 708 43 ciée par les amateurs) Cécily Ford; nous

89 1539 708 41 avons pu noter quelques changements dans

89 1572 706 43 le personnel de l’orchestre de Claude Guil¬

85 1607 708 47 hot; Patrice Galas y remplaçait René Urtré¬

91 1646 702 45 ger et Guy Hayat prenait pour cet été la

85 1679 706 45 place de Michel Denis; le flûtiste, soprano

87 1715 708 44 baryton Teddy Lasry remplaçait également

85 1746 712 46 pour quelques temps l’alto et ténor Richard

85 1783 706 43 Raux (tous deux brillants solistes de Mag¬

85 1816 708 47 ma). Au Slow Club c’est l’orchestre de

87 1853 708 49 Maxim Saury qui remplaçait celui de Marc

85 1892 406 47 Laferrière pour un mois

85 1937 714 48 Avant sa fermeture le Chat qui Pêche avait

87 1976 708 41 d’abord présenté !' « European Rhythm Ma¬

87 2011 708 41 chine» de Phill Woods, quartet particuliè¬

85 2042 706 45 rement homogène, puis Nathan Davis ac¬

85 2079 708 41 compagné par le trio de Georges Arvani¬

87 2116 708 43 tas. D’infatigables « Free-Jazzmen», dont

85 2147 706 49 Roscoe Mitchell, devaient se joindre à ces

85 2182 706 51 derniers, à la grande joie de Frank Wright,

85 2217 706 49 Noah Howard et Mohamed Ali, présents

87 2258 706 41 dans la salle. La direction de cet établisse¬

87 2295 706 41 ment nous annonce pour la rentrée le

85 2325 708 46 passage de Freddie Hubbard et d’autres ve¬

85 2360 355 52 dettes internationales

87 2402 706 51 Léon Thomas, chanteur révélé par les dis¬

87 2443 706 39 ques de Pharoah Sanders, s’était égale¬

87 2478 706 45 ment produit début juillet à l’Apollo, en

85 2510 710 48 compagnie de René Thomas, Eddie Louiss

89 2549 285 50 et Bernard Lubat.

957 524 542 105 LES CABARETS

904 654 646 45 APOLLO, 27, rue d’Artois (8). BAL. 18-92

904 687 246 41 Non communiqué.

904 730 647 55 CAVEAU DE LA HUCHETTE, 5, rue de la Hu¬

906 773 638 45 chette (5e). DAN. 65-05. Consommation 7 F

906 804 645 47 Tous les soirs de 21 h 30 à 1 h 30 (matinée

908 836 472 48 le dimanche). Dany Doriz Septet

904 886 649 51 CAVEAU DE LA MONTAGNE, 18, rue Des¬

904 927 644 45 cartes (5e). ODE. 82-39. Consommation 10 F.

902 958 649 41 leudi, vendredi, samedi de 22 h à 2 h. Orches¬

904 990 256 44 tres New Orleans.

902 1032 644 59 CHAT QUI PECHE, 4, rue de la Huchette (5e)

904 1079 647 45 DAN. 23-06. Consommation 15 F. Tous les

902 1108 649 47 soirs de 22 h à 3 h. Fermé mercredi (sous

898 1138 369 50 réserve) Freddie Hubbard.

902 1198 644 47 LA CIGALE, 124, bd Rochechouart (18e). Tél.

902 1233 649 41 MON, 59-29. Consommation 4 F et 6 F. Tous

904 1264 646 41 les soirs de 21 h 30 à 2 h. Fermé le jeudi.

900 1296 279 46 Orchestre Al Lirvat.

902 1350 648 41 GILL'S CLUB, 7, rue Sainte-Croix-de-la-Bre¬

902 1379 642 49 tonnerle (4e). LOU. 05-95. Consommatlon : 12 F

902 1412 640 43 Etudiants 10 F. Tous les soirs de 22 h à 4 h

898 1444 652 43 Jusqu’au 12 : Siegfried Kessler trio plus Jeff

898 1475 652 45 Saeffler (ts); du 14 au 20 : Charles Tolliver

896 1506 650 43 quartet; du 21 au 30 : François Tusques quar¬

900 1539 626 47 tet; du ter au 10/10 : Pierre Favre quartet.

904 1590 640 50 LIVING ROOM, 25, rue du Colisée (8e). Tél.

900 1629 651 45 ELY. 25-29. Consommation 15 F. Tous les soirs

898 1660 648 49 de 22 h à 4 h. Fermé le dimanche. Art Sim¬

900 1691 417 43 mons trio et Aaron Bridgers.

900 1744 650 50 LE TOIT DE PARIS (Hôtel Hylton), 18, av. de

900 1775 646 51 Suffren, Paris (15e). Tous les soirs (sauf lundi).

898 1812 513 47 Stéphane Grappelli et son Quintette.

896 1863 648 50 RIVERBOAT, 67, rue Saint-André-des-Arts (60)

896 1902 648 46 Sans téléphone. Consommation 10 F. Soirée de

902 1931 150 51 22 h à 2 h

898 1985 646 49 SLOW CLUB, 130, rue de Rivoli, Paris-1er

900 2019 640 46 Tél.· GUT. 84-30. Consommation 13 et 15 F

902 2048 644 47 Tous les soirs de 21 h 30 à 1 h 30. Fermé

900 2081 646 51 le lundi. Dimanche, matinée 15 h. Orchestre

900 2116 226 45 Marc Laferrière.

906 2163 624 52 TROIS MAILLETZ, 56, rue Galande (Se). Tél.

898 2202 650 48 ODE. 00-79. Consommation 18 F. Ouvert tous

900 2231 646 45 les soirs avec Bill Coleman et Claude Guil¬

898 2270 462 43 hot avec R. Urtreger et R. Raux

898 2317 652 52 CALAVADOS, rue Pierre-Charron (8e), Tous les

900 2358 254 44 soirs: Joe Turner

900 2404 644 55 ECUSSON : 13, rue Tiquetone, Paris (2e).

898 2440 648 52 Tél. : 236-57-46; tous les soirs sauf lundi

894 2470 647 64 de 22 h à 2 k Mezz Mezzrow avec Gilbert

896 2504 203 49 Rost Quartette

1657 463 709 43 Le Gill’s Club avait présenté fin juin un

1657 498 707 43 nouveau soliste très apprécié du public

1657 535 709 47 présent; il s’agissait du jeune saxophoniste

1657 571 707 46 alto, ténor et clarinette basse Jeff Saeffer,

1655 604 709 48 transfuge du big-band de Claude Cagnasso,

1657 641 709 45 accompagné de Siegfried Kessler au piano

1657 676 707 45 électrique, Didier Levallet à la basse et

1659 707 705 49 Jean My Truong à la batterie. Un quartet

1657 744 707 43 dont on reparlera! Le Gill’s Club présen¬

1661 783 703 43 tera dès la rentrée un nouveau visage à

1659 814 707 47 ses habitués qui pourront en effet y dé¬

1655 851 709 45 couvrir en rez-de-chaussée une nouvelle

1657 886 707 41 salle utilisée jusqu’à minuit en spectacles

1657 919 709 47 d’avant-garde et théâtre, et après minuit

1659 960 702 41 en discothèque de jazz avec restauration:

1657 993 709 45 le musicien et écrivain Jean-Claude Albert

1659 1027 707 44 Weil et le bassiste Benoît Charvet doivent

1655 1064 709 44 participer à la nouvelle gestion du club

1655 1095 708 52 toujours dirigé par Gérard Terronès qui

1653 1130 711 47 annonce de profondes améliorations sur le

1655 1167 708 51 plan du confort, du piano, de la sono et

1655 1208 709 41 surtout des programmes. (Prévisions : Char¬

1659 1239 705 45 les Tolliver quartet, le trio Roques plus

1657 1276 706 43 Slide Hampton, John Surman trio, Pierre

1657 1311 707 47 Favre quartet, Michel Portal, Frank Wright

1655 1344 160 51 quartet...).

1657 1424 709 53 SOIREE A LA MUTUALITE AU PROFIT DES

1663 1465 319 45 - BLACK PANTHERS -

1665 1510 696 53 Je crois que jamais on avait pu faire entrer dans

1663 1545 692 43 la grande salle de la Mutualité autant de monde

1661 1568 696 49 D’après les estimations du personnel de la salle

1670 1598 687 44 | devait y avoir 5 à 6000 personnes. Beaucoup

1661 1623 694 43 de Français de la métropole, beaucoup de Fran

1668 1654 693 43 çais des Antilles, beaucoup d’Africains, de Viet¬

1663 1677 690 45 namiens, de gens du Maghreb, en majorité des

1661 1707 698 47 jeunes, entre quinze et trente ans. Une foule

1661 1732 415 39 ardente, vibrante, passionnée.

1659 1763 696 45 Sur la scène, tout d’abord, un groupe de percus

1659 1791 698 46 sionnistes : Alain Charlery, un Français. Djibril

1665 1820 690 45 un Sénégalais, - Blue - Ostaine, originaire des

1661 1843 698 51 Bahamas. Don Moye, un Américain, Earl Freeman.

1659 1872 228 45 autre Américain.

1663 1904 698 46 Ensuite le groupe de Frank Wright, au ténor, avec

1658 1914 693 73 Noah Howard à l'alto, Bobby Few au piano, Moha

1657 1960 310 45 med Ali à la batterie.

1659 1991 700 49 Furent ensuite projetés des films soulignant les

1663 2022 694 45 violences policières aux Etats-Unis où encore

1659 2052 698 45 tournant en dérision le pouvoir américain ou la

1659 2077 169 43 garde civile

1659 2108 702 47 Puis un groupe composé de Joseph Jarman, de

1657 2134 700 42 Malachi Favors, de Don Moye et d’un remar¬

1659 2165 700 45 quable percussionniste sénégalais. Ce fut ensuite

1661 2190 698 45 au tour du groupe de l’Association Culturelle du

1659 2215 594 47 Maghreb aux rythmes variés et percutants

1663 2249 696 48 Après un entracte très court, un groupe d’acteurs

1659 2278 696 45 dont notre ami James Campbell fit revivre le

1665 2305 694 49 .Procès de Chicago“ d’une manière vraiment

1657 2328 167 47 hallucinante

1657 2364 700 50 Enfin, après une nouvelle projection de films, ce

1661 2393 696 41 furent les groupes de pop music qui se succé¬

1659 2420 694 45 derent sur la vaste scène de la Mutualité, et

1657 2447 698 47 commencant par le - Baba Scholœ ». Et tout

1659 2473 696 41 cela se termina dans l’allégresse et les témoi¬

1663 2500 694 45 gnages de fraternité et de solidarité les plus cha¬

1661 2527 97 45 leureux

2296 2554 63 49 I. H.

140 2693 975 142 Caveau de la Huchette

263 2820 733 50 5. RUE DE LA RUCHETTE (5e) — Tél. DAN. 65-05

1345 2733 941 152 VANDOREN

134 2860 985 61 LE CÉLEBRE CABARET DE JAZZ OU L'ON DANSE

372 2913 503 66 OUVERT EN AOUT

598 2970 64 44 avec

1503 2950 624 94 ANCHES et BECS

1503 3032 633 51 POUR INSTRUMENTS DE MUSIQUE

138 2995 965 111 DANY DORIZ SEPTET

245 3102 747 55 avec DANY DORIZ (vib), WANI HINDER (ts)

245 3145 761 55 GEORGES DERSY (tp), MICHEL CAMICAS (tb),

1339 3141 946 98 56. Rue Lepic — PARIS (18e)

163 3186 917 64 GABRIEL GARVANOFF (p), JEAN-MARIE INGRAND (b)

440 3231 369 52 TEDDY MARTIN (dm);

1507 3229 606 72 Tél. : MONtmartre 39-87

425 3274 405 44 OUVERT T. L. S. à 21 h. 30

288 3299 642 55 MATINÉES DIMANCHE 16 H. — Entrée: 7

2304 3379 57 60 33
