2480 3508
441 163 445 103 INEORMATIONS

131 324 1068 64 4. Quelque peu delaisse par la scene, du jazz, JC Moses gugne actuellemer

128 347 562 71 2a Croute en conduisant des ambulances.

134 426 1067 76 E. laf( Sanfiar (ello Céner, soprano, clonpejia perceo) a remplace Rebard nau

128 464 682 76 dans le groupe de Christian Vander- Maoma"-

128 555 1076 61 * Vient de paraître chez Futura : un 30 em de Barre Phillips (GER 1 5) qui est

125 578 1076 68 en fait la réédition d’un album en solo paru en Angleterre chez Music Man et

122 608 1079 64 quasiment introuvable ; un LP enregistré par un quintette composé par Dizzy

122 648 1079 53 Reece (tp), John Gilmore (ts), Stegfried Kessler (p). Paul Caratint (b) et Art

125 675 1076 49 Taylor (dm) (GER 16); enfin un disque attendu du groupe Red Noise que dirige

122 695 1079 65 Patrick Vian (RED Ot). A paraître en février et mars : GER 17. Burton Greene

146 727 1044 50 Celesphères » (cf. » lams et enregistrement », dans notre dernier numéro).

125 745 1071 61 GER 18 : Joachim Kühn » solos »: GER 19 : leff Saeffer Quartet; GER 20

122 768 875 76 Mal Waldron « The Opening »; GER 21 : lean Philippe Blin Trio

128 859 1073 64 * Au théâtre de la cité unversitaire, représentations les mercredis et samedi

122 885 1077 65 26 janvier, 6. 10 et 13 février du spectacle : « Terre promise ». Le spectacle

119 915 1082 64 comporte deux œuvres de Maïakovsky (Tragédie et Voyage) ; il est interprété par

122 953 1077 52 le LE.M., troupe non professionnelle avec une importante partie musicale

125 982 1074 49 Le - Quartette Contemporain » en effet, composé de Pierre Charton (as, fl, cl).

119 996 1080 62 Alain Henaut (p), Patrice Blanchard (b) et Gérard Charton (dm) participe violem¬

116 1023 1047 67 ment à l’action des comédiens sur scène, dans un style très expérimental.

122 1181 243 58 ment Bill Doggett

116 1248 1085 70 Brest vient de voir s’ouvrir à la Maison des leunes de Hartelatre un Club

116 1295 1080 52 de lazz qui organise tous les quinze Jours une - jam-session » à laquelle

119 1303 1082 76 sont invités tous les musiciens amateurs et professionnels de la région... et

119 1353 138 61 d’ailleurs.

128 1420 1071 62 ges mnustclens prochegement ds passage cen Bresconz, aut JeEReRSES,e,5

128 1461 1062 50 Bugre sont invites à écrire à Raymond Cosquedie, 29, rue EmileZola, 28)

122 1464 88 76 Srest

116 1558 1080 70 L’Annecy lazz Action annonce le 8 janvier à 21 heures, au Théâtre de

125 1599 1024 49 Combat : « Black Power »; le 16, au lazz Club, les Mélothérapeutes

125 1613 1071 70 tous les vendredis, le Xtet IM Boutn’et M Capello (te So janviee à 6

119 1637 246 81 tous les vendredis, le Xtet IM Boutn’et M Capello (te So janviee à 6

122 1113 1082 59 t te prgcrgm Leaoyoa de dazz de Dumberqa co, avnjaguan, angonce,, gl

119 1154 1080 47 Fitzgerald, Benny Waters, Guy Lafitte, le Dutch Swing College et probable

2073 409 211 90 VATEL!

2064 315 331 100 VATEL!

1316 695 1070 62 A deux pas de l’avenue George-V, à un jet de plerre de la rue François-1es

1316 757 1076 52 Aeea gles dec le bouifonnant Immemble deSaris Miatch s au 48. de ¡.

1313 713 1076 70 Aeea gles dec le bouifonnant Immemble deSaris Miatch s au 48. de ¡.

1318 812 1068 50 trouve au bar, vide quelques verres, croque des » salt peanuts “, bavarde

1316 786 1076 50 trouve au bar, vide quelques verres, croque des » salt peanuts “, bavarde

1316 838 1073 53 trouve au bar, vide quelques verres, croque des » salt peanuts “, bavarde

1316 865 1070 50 papote, plaisante, commente les derniers potins d’outre-Atlantique et de la

1316 876 1076 65 capitale, des journalistes de Chicago taillent une bavette, des hommes d’af¬

1316 920 1073 47 fatres du Texas pétrolent ferme, des anciens combattants chenus — bon pled

1316 947 1073 46 bon œil et fine queule — sont restés » over there » par la pensée. Les affa¬

1313 955 1079 71 més s’approvisionnent en - hot dogs» à toutes les sauces auprès d’un offi¬

1313 999 1076 47 ciant drapé de blanc; l’appétit venant en mangeant, certains vont se sus¬

1313 1023 1079 52 tenter plus confortablement à l’accueillant restaurant du sous-sol. Ambiance

1318 1052 1074 50 joviale et sympathique de n’importe quel club de n’importe quelle ville des

1318 1078 1077 50 Etats-Unis. Dans un coin, un piano qui vécut certainement la Guerre de Sé¬

1318 1107 1074 50 cession; un musicien en tire le meilleur parti possible et, ce faisant, s’en

1313 1116 1076 65 tire lui-même à son avantage. Le connaisseur aventuré dans ces lieux où

1318 1143 1074 70 règne Béotie ne tarde pas à distinguer en ce pianiste à la main gauche

1313 1172 1070 64 active et vigoureuse, à la dextre agile, souple et déliée, au fil des « Honey

1316 1195 1073 67 suckle rose» et « Black and blue », des » Ain't misbehavin' » et - Handful

1318 1239 1071 53 ot keys - (- Fats Ives » I), des » Rosetta » et " The man ! love », des

1316 1265 1044 50 ot keys - (- Fats Ives » I), des » Rosetta » et " The man ! love », des

1316 1280 1079 64 un instrumentiste fort doué, plein de ces qualités essentielles qui procurent

1316 1321 1073 47 un instrumentiste fort doué, plein de ces qualités essentielles qui procurent

1318 1373 1071 50 d’oreille. De qui s’agit-il ? Ralph Sutton? Don Ewell ? Gene Schroeder ?

1316 1350 1073 44 d’oreille. De qui s’agit-il ? Ralph Sutton? Don Ewell ? Gene Schroeder ?

1313 1385 1082 64 murs sans que la rumeur jazzo-publique ait alerté les « aficionados “ de s

1310 1435 1082 67 murs sans que la rumeur jazzo-publique ait alerté les « aficionados “ de s

1318 1429 1059 47 murs sans que la rumeur jazzo-publique ait alerté les « aficionados “ de s

1316 1479 1076 49 tueux et charmant homme, il est paradoxalement davantage apprécié des

1313 1505 1076 50 tueux et charmant homme, il est paradoxalement davantage apprécié des

1313 1517 1076 67 Américains que des Français et sa renommée mieux assise à l’étranger

1313 1561 1076 46 que dans son propre pays ; jouissant de l’estime de ses confrères. de Joe

1310 1569 1079 68 Turner à Art Simmons, il pourrait de surcroit, si sa modestie ne l’emportait

1318 1613 1071 50 pas, se flatter d’être l’ami des - grands “ de Duke Ellington, de Stan Getz,

1313 1639 1076 47 de John Lewis, de Bill Coleman, de Lionel Hampton... Les concerts de jazz,

1313 1666 1076 47 le disque l’ignorent, les critiques se préoccupent peu de lui, néanmoins

1310 1675 1076 70 Bob Vatel, confiant en sa bonne étoile, ne s’en formalise guère et continue

1316 1715 1070 53 à Improviser, à composer (son - Duke’s idea » n’est qu’ordre et beauté

1313 1727 1073 67 luxe, calme et volupté), à raconter de truculentes histoires, à prendre la

119 1762 591 114 A deux pas du Panthéon

1316 1771 1073 50 vie par le bon bout, à profiter des joies de l’existence, ainsi qu’aux temps

1313 1797 1076 53 fastes. Saint-Germain-des-Prés et ses éblouissants feux d’artifice, ses nuits

1313 1827 1073 49 d’ivresse où Dlonysos le disputait à Euterpe et à Vénus, c’est déjà loin

1313 1850 1076 53 tout ça, mais aujourd’hui est encore comme hier, le cœur palpite toujours

1316 1882 1067 47 aussi intensément puisque le jazz bat de conserve avec lul. Bob Vatel, ur

1313 1903 1073 58 nom à retenir, un musicien à connaître, un jazzman à applaudir, un ami à

1313 1935 567 52 se faire. Nous reparlerons de Bob Vatel

2117 1944 275 67 Pierre LAFARGUE.

163 1911 986 161 JAIZ 2 POP CENTER

1672 2081 354 67 ELECTRONIC-MUSIC

163 2116 746 91 IMPORTATIONS DU MOIS:

1386 2119 927 70 au service des musiciens professionnels et amateurs,

1617 2172 462 64 18, boulevard Max-Dormoy,

1611 2215 468 68 LIVRY-GARGAN (927-29-42).

169 2265 652 85 GATO BARBIERI:

1330 2259 1038 76 Amplis GUITARE- ORGUE - Percussion toutes les MARQUES

1582 2315 526 61 Occasions révisées - garanties,

652 2329 409 76 The Third Worle

1368 2350 965 73 STATION-SERVICE - DEPANNAGE— AMPLIFICATEURS

1716 2397 260 61 toutes marques

163 2423 658 88 JAKI BYARD:

1330 2443 1035 65 Ouvert du mardi au DIMANCHE MATIN - PARKING ASSURE

655 2496 286 73 With Strings

1517 2484 658 68 10 minutes de Paris par autoroute A3.

163 2598 664 76 ORNETTE COLEMAN:

652 2671 497 79 Friends & Neibourghs

166 2759 661 91 ERIC DOLPHY:

1406 2680 921 146 VANDOREN

649 2829 257 76 Out There

163 2923 986 88 et les ESP de ALBERT AYLER

1532 2899 629 82 ANCHES et BECS

1535 2975 637 68 POUR INSTRUMENTS DE MUSIQUE

652 3013 137 65 etc...

1362 3075 965 114 56. Rue Lepic — PARIS (18e)

160 3125 503 81 3, RUE CLOTAIRE

859 3125 272 76 PARIS-V.

163 3189 524 76 « qui part de la Mairie du Ve

865 3192 281 67 Tél.: 325-13-88

1538 3165 614 74 Tél. : MONtmartre 39-87

111 3312 61 84 30
