2480 3169
2056 1048 50 40 Zoot
2133 1047 50 40 Sims
2213 1046 15 41 au
2260 1044 107 43 Shelly's.

1576 1187 79 46 FILMS
1699 1186 25 47 DE
1764 1185 61 49 JAZZ
1872 1184 72 50 POUR
1987 1184 22 51 LA
2056 1183 18 52 TV

1300 1272 48 51 Jack
1385 1271 132 52 Lewerke,
1543 1271 47 51 bien
1627 1271 74 51 connu
1734 1271 59 51 dans
1826 1270 25 52 les
1888 1270 92 51 milieux
2017 1270 158 51 jazzistiques
2212 1269 18 51 de
2267 1269 11 51 la
2311 1269 48 51 côte

1304 1320 81 39 Quest
1413 1319 98 40 produit
1539 1319 37 40 une
1611 1319 59 40 série
1708 1318 19 41 de
1761 1318 57 41 films
1852 1318 19 42 en
1909 1317 113 43 couleurs
2059 1317 19 43 de
2113 1317 19 43 30
2166 1316 104 44 minutes
2304 1316 56 44 pour

1302 1353 28 39 les
1361 1353 149 39 télévisions
1543 1353 182 38 européennes
1756 1352 104 38 intitulée
1896 1352 0 37 «
1930 1352 45 37 Jazz
2006 1352 19 37 on
2059 1352 70 36 Stage
2166 1352 16 36 ».
2208 1352 36 36 Les
2278 1352 78 35 quatre

1303 1389 117 44 premiers
1454 1389 58 43 films
1546 1389 37 43 ont
1610 1388 37 44 été
1675 1388 101 44 tournés
1810 1387 18 44 au
1865 1387 105 44 Shelly’s
2003 1386 86 44 Manne
2126 1386 53 44 Hole
2212 1385 56 45 avec
2304 1385 62 44 Zoot

1301 1426 79 38 Sims,
1413 1426 117 38 Hampton
1574 1425 103 40 Hawes,
1709 1425 42 40 Ray
1792 1425 100 40 Brown,
1924 1425 41 40 Bob
2009 1424 115 42 Cooper,
2159 1424 36 42 Les
2236 1424 129 42 McCann,

1302 1461 80 41 Shelly
1422 1461 87 41 Manne
1549 1460 20 43 et
1606 1460 120 44 quelques
1766 1460 80 44 autres
1886 1459 137 47 musiciens
2066 1459 180 48 californiens.

1697 1554 23 39 LA
1762 1555 93 40 PLUME
1894 1557 63 39 D’OR

1301 1609 0 38 A
1339 1609 118 39 Jean-Luc
1495 1609 72 39 Ponty
1602 1609 20 39 et
1652 1609 63 39 Duke
1753 1609 135 40 Ellington.

1299 1647 66 48 Sorte
1404 1646 111 49 d’Oscar
1546 1647 114 48 décerné
1691 1651 94 43 chaque
1823 1646 73 48 année
1934 1653 39 41 par
2007 1645 18 49 un
2066 1646 42 48 jury
2143 1649 79 44 choisi
2254 1651 55 42 dans
2347 1645 11 48 le

1298 1695 85 40 monde
1427 1695 19 40 du
1492 1695 129 39 spectacle
1667 1695 148 39 américain,
1851 1695 11 38 la
1906 1695 76 38 Plume
2029 1695 55 38 d’Or
2122 1695 35 38 est
2199 1695 109 37 destinée
2355 1695 8 37 à

1299 1727 190 42 récompenser
1522 1727 27 42 les
1588 1727 99 42 artistes
1726 1727 39 42 qui
1795 1727 18 42 se
1853 1726 57 43 sont
1943 1726 240 43 particulièrement
2217 1725 141 44 distingués

1298 1765 18 41 au
1355 1765 69 42 cours
1463 1765 18 42 de
1520 1765 94 43 l’année
1653 1765 120 44 écoulée.

1303 1808 64 38 Cette
1410 1807 140 39 distinction
1594 1806 63 39 vient
1694 1806 17 39 de
1757 1805 121 40 désigner
1915 1803 118 41 Jean-Luc
2076 1803 69 41 Ponty
2188 1802 92 42 comme
2323 1801 0 42 «
2349 1801 9 42 le

1299 1847 118 36 musicien
1456 1846 20 38 de
1512 1845 124 39 l’année»
1669 1845 29 40 et,
1728 1844 10 41 à
1764 1843 137 42 l’occasion
1941 1842 19 43 de
1996 1842 36 44 son
2075 1841 33 45 70e
2140 1839 190 48 anniversaire,
2360 1839 10 48 à

1301 1882 63 41 Duke
1402 1881 132 43 Ellington,
1565 1881 56 44 pour
1656 1880 35 46 son
1732 1880 80 47 œuvre
1851 1878 223 51 exceptionnelle.

1300 1996 120 42 Jean-Luc
1460 1996 71 42 Ponty
1571 1996 18 42 ne
1629 1996 62 42 s’est
1724 1996 47 42 fort
1801 1996 209 42 heureusement
2044 1996 37 42 pas
2121 1996 46 42 fixé
2201 1996 37 42 aux
2278 1996 92 42 U.S.A.

1302 2034 94 39 malgré
1426 2034 30 40 les
1493 2033 73 41 offres
1603 2033 27 41 les
1670 2032 47 43 plus
1753 2031 174 44 alléchantes.
1957 2031 24 45 (Il
2007 2030 17 46 se
2064 2030 57 46 peut
2154 2029 124 48 d’ailleurs
2315 2028 53 49 qu’il

1302 2070 111 44 retourne
1449 2070 76 44 là-bas
1561 2069 59 45 pour
1649 2069 20 45 un
1705 2069 69 45 court
1803 2069 82 45 séjour
1918 2069 16 45 et
1967 2069 56 45 qu’il
2046 2069 49 45 joue
2134 2068 56 46 dans
2222 2068 10 46 le
2268 2068 92 46 groupe

1302 2109 17 42 de
1358 2108 59 44 Gary
1454 2107 113 46 Burton).

1625 2214 66 48 RUTH
1740 2214 82 48 DAVIS
1872 2214 164 48 DISPARAIT

1302 2310 134 43 Directrice
1476 2309 36 43 des
1548 2307 114 44 célèbres
1698 2305 69 45 Davis
1803 2303 108 47 Sisters,
1937 2302 52 47 Ruth
2025 2306 72 42 Davis
2130 2301 66 47 vient
2225 2303 20 44 de
2281 2305 85 42 mourir

1303 2350 6 35 à
1347 2350 168 36 Philadelphie
1562 2349 35 37 des
1641 2349 74 38 suites
1759 2349 65 38 d’une
1871 2349 168 39 pneumonie.
2074 2348 38 40 Les
2156 2348 71 40 Davis
2271 2348 91 41 Sisters

1300 2385 92 35 étaient
1421 2384 37 36 l’un
1496 2384 40 36 des
1570 2383 109 38 groupes
1717 2383 28 38 les
1783 2383 46 38 plus
1866 2382 115 39 célèbres
2018 2382 20 39 de
2076 2381 112 41 Gospel,
2216 2381 17 41 et
2265 2380 98 42 avaient

1303 2421 147 49 enregistré
1487 2421 16 38 de
1548 2419 135 50 nombreux
1724 2419 102 56 disques
1871 2418 57 52 pour
1969 2417 77 55 Apex,
2083 2416 110 59 Gothan,
2230 2415 78 60 Savoy
2352 2415 17 48 et

1301 2455 73 43 RCA.

1306 2549 17 49 Le
1364 2548 13 49 5e
1411 2548 109 49 Festival
1551 2547 20 49 de
1609 2547 48 48 Jazz
1694 2546 17 48 de
1752 2545 228 49 Saint-Sebastien
2021 2544 48 47 aura
2110 2543 37 47 lieu
2188 2543 58 47 cette
2287 2542 72 47 année

1307 2589 19 37 du
1371 2589 16 37 23
1430 2589 19 37 au
1494 2589 16 36 26
1555 2589 83 36 juillet.
1673 2589 21 36 Le
1740 2588 122 37 concours
1908 2588 152 36 d’amateurs
2102 2588 19 36 se
2167 2588 130 36 déroulera
2340 2588 19 35 du

1305 2626 16 39 23
1361 2626 19 39 au
1423 2626 16 38 24
1479 2625 56 39 avec
1575 2625 8 39 la
1626 2625 173 38 participation
1839 2624 176 38 d’orchestres
2055 2623 160 38 européens.
2250 2623 115 38 (Rensei¬

1302 2659 134 46 gnements
1476 2659 16 45 et
1526 2659 163 45 inscriptions
1729 2658 0 46 :
1763 2658 87 46 Centro
1893 2658 20 45 de
1956 2657 121 46 Atraction
2120 2657 0 46 y
2163 2656 121 47 Turismo,
2317 2656 40 46 San

1307 2699 154 43 Sebastian,
1496 2697 141 45 Espagne.)

1304 2767 27 46 On
1371 2766 110 47 annonce
1522 2766 10 46 la
1572 2766 173 46 participation
1785 2766 20 45 de
1846 2765 63 45 Duke
1949 2765 114 45 Ellington
2106 2765 17 44 et
2156 2764 37 45 son
2233 2764 127 45 orchestre

1302 2809 10 44 (3
1351 2807 145 46 concerts),
1524 2807 46 46 Phil
1599 2806 109 47 Woods,
1737 2805 35 48 Les
1807 2805 57 48 Soft
1892 2804 131 49 Machines
2059 2803 17 50 et
2105 2803 28 50 les
2172 2802 46 51 Pink
2257 2801 63 52 Floyd
2359 2801 11 52 à

1303 2845 109 40 Avignon
1448 2844 18 42 en
1505 2844 72 42 juillet
1608 2844 0 42 -
1641 2844 54 42 août
1728 2843 135 44 prochain.

1304 2952 44 46 Cet
1373 2952 38 45 été
1436 2951 9 46 à
1470 2951 201 46 Chateauvallon
1703 2950 19 45 un
1753 2950 29 45 all
1807 2950 59 45 stars
1898 2949 126 45 européen
2058 2949 54 44 avec
2146 2949 0 43 :
2168 2949 51 43 John
2253 2948 120 44 Surman,

1307 2989 89 49 Daniel
1423 2989 113 52 Humair,
1563 2989 62 54 Eddy
1660 2989 101 50 Louiss,
1792 2989 23 49 Al
1842 2989 198 53 Mangelsdorf.

2353 3034 0 61 9

498 1187 59 47 JAZZ
603 1186 0 47 A
648 1183 126 50 DRANCY

111 1274 18 44 La
170 1274 116 44 jeunesse
327 1274 53 45 aime
421 1275 19 44 et
472 1275 100 44 connaît
606 1275 19 44 de
663 1275 75 44 mieux
776 1275 19 44 en
836 1275 72 44 mieux
945 1276 10 44 la
996 1276 113 44 musique
1149 1276 19 44 de

112 1320 78 43 jazz...
221 1319 106 46 quoique
368 1319 119 47 puissent
521 1318 17 39 en
579 1318 92 46 penser
709 1317 122 49 quelques
872 1317 0 38 «
910 1317 92 45 vieilles
1043 1316 89 48 barbes
1173 1339 0 0 »

112 1352 182 51 rétrogrades.

111 1397 88 39 L’autre
239 1397 59 39 soir,
324 1397 8 39 à
364 1397 112 39 Drancy,
509 1397 18 39 on
567 1397 0 39 a
605 1397 21 39 pu
663 1397 118 39 entendre
821 1397 43 39 Bill
893 1397 120 39 Coleman
1050 1397 49 39 qui,
1131 1397 37 39 une

111 1436 40 35 fois
185 1436 19 35 de
236 1436 64 36 plus,
324 1436 0 36 a
362 1436 112 36 stupéfié
503 1436 73 37 même
610 1436 38 37 ses
680 1436 165 38 admirateurs
880 1436 19 38 et
926 1436 37 38 ses
995 1436 53 39 amis
1083 1436 19 39 et
1129 1436 48 39 qui,

112 1470 157 38 répétons-le
312 1470 46 38 bien
398 1469 68 40 haut,
497 1469 34 40 est
565 1469 184 41 actuellement
783 1469 9 41 le
832 1468 126 43 meilleur,
989 1468 191 44 haut-la-main,

111 1505 37 37 des
183 1505 187 37 trompettistes
405 1505 18 38 de
461 1505 18 38 sa
517 1505 165 38 génération,
709 1505 38 38 des
781 1505 187 39 trompettistes
1003 1505 174 39 middle-jazz.

113 1542 40 37 Bill
181 1542 74 37 jouait
285 1542 56 37 avec
379 1542 38 37 nos
455 1542 54 37 amis
547 1542 104 37 Mowgli
676 1542 79 37 Jospin
796 1542 17 37 et
846 1542 56 37 Paul
935 1542 89 37 Vernon
1065 1542 17 37 et
1113 1542 56 37 avec

112 1577 48 37 leur
193 1577 136 38 excellente
368 1577 93 39 section
500 1577 136 40 rythmique
672 1577 21 40 du
732 1577 0 41 «
765 1577 42 41 Jive
843 1577 19 41 at
895 1577 45 42 Five
979 1577 3 42 »

114 1621 64 39 Autre
221 1620 179 39 merveilleuse
440 1620 137 38 prestation
619 1620 0 37 :
654 1620 56 37 celle
750 1620 19 36 de
814 1620 59 36 Budd
916 1619 126 36 Johnson,
1076 1619 94 36 Charlie

113 1651 126 44 Shavers,
275 1651 83 45 Oliver
394 1651 123 45 Jackson,
553 1651 87 46 Roland
687 1651 140 46 Lobligeois
871 1651 18 46 et
925 1651 83 47 André
1047 1651 131 47 Persiany.

113 1690 45 40 Une
199 1689 113 41 musique
353 1689 74 42 solide
469 1689 19 42 et
523 1688 109 43 musclée
674 1688 39 43 par
748 1687 38 44 des
828 1687 106 45 jazzmen
976 1687 38 45 qui
1049 1686 129 46 semblent

112 1728 156 43 progresser
299 1728 93 42 chaque
428 1728 39 42 fois
506 1728 63 41 qu’on
608 1728 0 41 a
645 1727 9 42 le
693 1727 42 42 rare
774 1727 114 41 privilège
924 1727 18 41 de
981 1727 28 41 les
1045 1727 135 40 entendre.

114 1764 165 42 Auparavant
312 1764 9 41 le
360 1763 69 42 grand
471 1762 129 42 orchestre
642 1761 76 42 dirigé
751 1761 39 42 par
823 1760 90 43 Claude
958 1759 108 43 Abadie,
1099 1758 78 43 formé

112 1799 18 37 de
166 1799 132 38 vétérans,
325 1799 0 38 a
361 1798 108 40 apporté
496 1798 9 40 la
541 1798 90 40 preuve
668 1798 39 41 que
743 1798 27 41 les
806 1798 57 42 vrais
899 1797 135 43 musiciens
1070 1797 18 44 de
1127 1797 42 44 jazz

115 1834 18 40 ne
174 1834 135 40 perdaient
340 1833 38 41 rien
419 1833 19 41 de
478 1833 44 41 leur
560 1833 81 41 valeur
673 1833 72 41 même
786 1832 122 42 lorsqu’ils
949 1832 37 42 ont
1018 1832 91 42 choisi,
1140 1832 35 42 par

114 1867 9 41 la
169 1867 75 41 suite,
278 1867 37 40 une
358 1867 64 40 autre
465 1867 143 40 profession
654 1867 17 39 et
711 1867 64 39 qu’ils
818 1867 69 38 sont,
918 1867 75 38 ainsi,
1027 1867 144 38 redevenus

115 1908 37 37 des
196 1906 122 39 amateurs
362 1906 32 39 (au
438 1905 53 40 sens
535 1904 66 41 noble
648 1903 19 42 du
707 1902 101 43 terme).
845 1901 91 44 Hadjo,
971 1900 113 45 Mowgli,
1121 1899 57 46 Paul

113 1936 110 42 Vernon,
266 1937 100 41 Armand
415 1938 115 40 Conrad,
573 1939 8 39 le
630 1939 57 39 chef
728 1940 123 38 lui-même
900 1941 20 37 et
963 1942 57 36 leurs
1072 1942 103 36 compa¬

113 1979 77 38 gnons
236 1979 38 37 ont
310 1978 55 38 joué
403 1977 167 39 d’excellents
617 1975 194 40 arrangements
855 1975 85 39 truffés
986 1974 17 39 de
1052 1974 44 39 soli
1134 1973 44 39 fort

113 2015 124 41 inspirés.
271 2014 107 41 Jacques
421 2014 132 40 Chrétien,
590 2014 43 39 fort
670 2013 207 39 heureusement
914 2012 124 39 demeuré
1078 2012 100 38 profes¬

114 2045 101 44 sionnel
246 2046 18 43 du
302 2046 59 44 jazz,
392 2047 0 44 a
431 2047 38 44 été
500 2048 42 44 très
580 2048 105 45 brillant,

113 2091 20 41 La
177 2091 77 41 soirée
297 2091 64 41 avait
394 2090 97 42 débuté
525 2090 57 42 avec
622 2090 10 42 le
675 2090 121 43 quartette
839 2090 20 43 du
903 2089 100 44 pianiste
1050 2089 131 44 Asseline,

113 2129 139 40 vainqueur
289 2129 19 39 du
348 2129 101 39 tournoi
481 2128 153 39 d’amateurs
674 2128 37 38 qui
743 2127 62 38 avait
842 2127 19 38 eu
903 2127 35 38 lieu
981 2127 19 37 au
1040 2126 69 38 cours
1152 2126 19 37 de

113 2160 182 45 l’après-midi.

112 2198 149 50 Félicitons,
289 2209 56 38 sans
380 2209 135 38 réserves,
543 2209 7 37 la
588 2198 174 48 municipalité
794 2197 17 48 de
849 2197 94 48 Drancy
981 2200 18 45 et
1030 2201 31 44 M.
1089 2203 84 41 Garcia

113 2246 19 43 du
177 2246 93 47 service
315 2245 116 53 culturel,
465 2245 56 52 pour
558 2245 191 54 l’organisation
794 2245 97 52 parfaite
936 2244 22 50 de
999 2244 60 53 cette
1104 2244 75 50 mani¬

111 2281 139 52 festation.

1120 2309 60 49 P.C.

115 2397 93 48 Roscoe
250 2398 123 48 Mitchell,
399 2398 86 48 Joseph
522 2399 109 47 Jarman,
661 2399 82 47 Lester
777 2400 78 46 Bowie
893 2400 18 47 et
945 2400 108 47 Malachi
1083 2401 90 46 Favors

114 2442 109 40 passent
253 2441 184 40 actuellement
464 2441 50 39 tous
549 2441 28 38 les
615 2440 74 39 lundis
725 2440 16 38 au
785 2439 93 39 Théâtre
917 2439 16 38 du
974 2439 69 37 Vieux
1078 2438 102 38 Colom¬

115 2475 60 40 bier,
198 2475 8 40 à
238 2475 14 40 18
287 2475 0 39 h
321 2475 20 39 30
376 2475 20 39 et
425 2475 8 39 à
459 2475 20 39 21
514 2475 0 39 h
548 2475 38 39 30.
612 2475 20 39 En
666 2475 118 38 première
821 2475 72 38 partie
928 2475 20 38 de
985 2475 34 38 ces
1057 2475 115 37 concerts

117 2512 94 40 Brigitte
252 2512 112 40 Fontaine
405 2511 18 41 et
458 2511 88 41 Areski
579 2511 17 41 se
638 2511 111 41 joignent
782 2511 38 41 aux
858 2510 80 42 quatre
979 2510 156 42 musiciens,
1164 2510 9 42 la

114 2551 120 44 première
284 2550 156 45 soliloquant
483 2550 22 37 ou
554 2549 120 44 chantant
717 2549 19 42 ou
788 2548 86 43 encore
926 2547 151 42 dialoguant
1120 2547 65 42 avec.

115 2584 97 41 Areski,
240 2584 29 41 les
306 2584 154 42 musiciens,
488 2584 10 42 le
536 2584 110 43 public...
674 2584 19 43 Le
734 2584 91 44 second
862 2584 85 45 jouant
979 2584 18 45 de
1035 2584 10 45 la
1082 2584 88 46 guitare

114 2621 18 38 et
168 2621 166 42 fredonnant.

115 2663 17 42 En
171 2662 111 43 seconde
321 2662 70 42 partie
429 2661 115 42 Roscoe,
570 2660 106 42 Joseph,
706 2660 85 41 Lester
820 2660 18 40 et
870 2659 109 41 Malachi
1009 2659 17 40 se
1067 2659 0 40 «
1091 2658 88 41 défon¬

115 2702 54 37 cent
190 2702 0 37 »
233 2701 18 38 et
289 2701 58 37 nous
390 2700 104 38 offrent,
532 2700 34 37 une
614 2699 40 38 fois
700 2699 18 38 de
764 2699 64 38 plus,
865 2698 35 38 une
948 2698 109 38 musique
1105 2697 64 38 d’une

111 2737 235 42 impressionnante
389 2737 63 41 force
493 2737 169 41 expressive.

117 2843 20 49 Le
178 2842 126 50 Syndicat
338 2842 140 49 d’Initiative
522 2841 17 49 de
584 2841 136 49 Bergame,
754 2840 75 49 ltalie,
863 2840 116 48 organise
1020 2839 27 49 les
1088 2839 38 48 20,
1156 2839 24 48 21

117 2889 20 38 et
173 2889 17 38 22
232 2888 58 39 mars
332 2888 135 39 prochains
511 2887 18 40 sa
570 2887 18 40 2e
623 2887 76 40 Revue
744 2886 191 41 Internationale
979 2886 18 41 de
1041 2885 62 42 Jazz.
1138 2885 38 42 Les

118 2922 116 41 concerts
278 2921 88 42 auront
400 2921 38 41 lieu
482 2921 15 41 au
548 2920 94 42 Théâtre
686 2920 128 42 Donizetti
849 2920 53 42 avec
946 2920 10 41 la
1000 2919 172 42 participation

119 2958 175 41 d’ensembles
338 2958 167 39 américains,
543 2957 143 39 européens
732 2957 17 38 et
787 2956 93 39 italiens
927 2956 58 38 dont
1023 2956 8 37 la
1078 2955 96 38 vedette

113 2992 50 56 sera
200 2992 67 59 Dizzy
304 2992 136 46 Gillespie.
465 2992 21 52 Le
519 2992 33 60 trio
590 2991 99 60 Martial
718 2991 70 47 Solal
813 2991 182 60 représentera
1029 2991 12 60 la
1074 2991 108 59 France.
