2480 3183
172 164 112 34 APOLLO,
320 164 28 33 27,
383 164 26 33 rue
449 164 89 33 d’Artois
579 164 43 33 (8e).
655 164 56 32 BAL.
747 164 61 32 18-92.

171 192 59 39 Prévu
262 192 0 39 :
286 192 82 39 Richard
401 192 0 38 «
430 192 80 38 Groove
542 192 0 38 »
569 192 100 37 Holmes.

180 245 100 39 CAVEAU
316 245 21 40 DE
370 245 18 40 LA
421 244 151 41 HUCHETTE,
593 244 18 41 5,
632 244 27 42 rue
692 244 15 42 de
741 244 9 42 la
780 244 36 42 Hu¬

178 279 63 35 chette
280 278 42 37 (5e).
353 277 63 39 DAN.
446 277 66 39 65-05.
545 276 178 41 Consommation
759 275 0 43 9
798 275 0 43 F

178 307 47 41 Tous
252 307 25 41 les
305 307 52 41 soirs
385 308 15 40 de
431 308 15 40 21
471 308 0 40 h
502 308 12 40 30
542 308 6 40 à
573 308 0 40 1
597 308 0 40 h
625 308 31 40 30.
677 309 50 39 Avec
754 309 53 39 Dany

174 337 57 43 Doriz
261 338 73 41 Octet.
358 338 0 41 A
391 339 60 39 partir
478 339 15 39 du
523 339 45 39 23:
592 340 61 37 Maxim
692 340 75 37 Saury.

179 389 98 42 CAVEAU
320 389 20 42 DE
381 389 17 42 LA
441 389 164 42 MONTAGNE,
639 389 26 42 18,
696 389 26 42 rue
763 389 48 42 Des¬

182 422 63 39 cartes
280 422 41 38 (5e).
354 421 60 39 ODE.
442 421 65 38 82-39.
538 420 177 39 Consommation
754 420 11 37 10
800 420 0 37 F

178 457 68 39 Jeudi,
268 457 113 40 vendredi,
403 457 83 41 samedi
510 457 16 42 de
554 457 15 42 22
597 457 0 43 h
624 457 9 43 à
652 457 3 43 2
683 457 15 44 h.
720 457 92 45 Orches¬

176 484 38 41 tres
238 485 38 39 New
311 485 103 39 Orleans.

180 524 62 56 CHAT
273 529 43 51 QUI
343 523 94 57 PECHE,
460 523 15 57 4,
499 537 27 43 rue
553 537 20 43 de
604 523 8 57 la
643 527 101 53 Huchette
771 523 46 57 (5e).

177 571 63 40 DAN.
276 571 64 40 23-06.
373 572 177 41 Consommation
595 573 9 40 15
646 573 16 41 F.
701 573 42 41 Tous
785 574 24 41 les

174 606 50 37 soirs
263 605 13 37 de
315 605 13 36 22
362 604 0 37 h
399 604 8 36 à
435 604 0 36 3
469 604 16 36 h.
516 603 70 36 Fermé
618 602 115 36 mercredi.
764 601 47 36 Clif¬

175 631 37 45 ford
243 632 86 47 Jordan.

182 679 17 44 LA
233 679 106 45 CIGALE,
366 679 41 45 124,
431 679 13 45 bd
478 679 167 45 Rochechouart
669 680 58 45 (18e).
755 680 37 45 Tél.

182 714 70 37 MON,
279 714 61 37 59-29.
367 714 179 36 Consommation
578 714 0 36 4
613 714 0 36 F
645 714 16 36 et
688 714 0 35 6
720 714 16 35 F.
765 714 46 35 Tous

183 748 24 40 les
240 748 49 39 soirs
322 747 17 39 de
374 747 14 39 21
421 747 0 38 h
454 747 13 38 30
500 747 8 37 à
536 747 0 37 2
566 747 16 37 h.
607 746 71 37 Fermé
706 746 10 36 le
749 746 66 36 jeudi.

1026 189 438 164 GABAREIS

937 377 70 66 GILL'S
1054 376 75 66 CLUB,
1166 389 14 51 7,
1208 386 28 54 rue
1278 378 290 61 Sainte-Croix-de-la-Bre¬

934 429 93 38 tonnerie
1055 429 42 38 (4e).
1117 429 62 39 LOU.
1199 429 64 39 O5-95.
1286 429 180 40 Consommation
1494 429 0 41 :
1517 429 11 41 12
1556 429 0 41 F

935 465 106 38 étudiants
1073 465 12 38 10
1117 465 15 38 F.
1161 465 44 38 Tous
1235 465 23 39 les
1291 465 50 39 soirs
1373 465 15 39 de
1420 465 15 39 22
1461 465 0 40 h
1494 465 8 40 à
1523 465 0 40 4
1555 465 12 40 h.

933 496 70 38 Fermé
1040 496 10 37 le
1092 497 126 36 dimanche.
1252 497 18 35 En
1312 497 94 35 semaine
1445 498 57 33 (sous
1542 498 26 32 ré¬

932 529 72 36 serve)
1032 529 0 36 :
1058 528 95 37 jusqu’au
1190 528 46 37 13:
1265 527 41 37 Mal
1334 526 95 38 Waldron
1464 525 54 39 trio;
1547 525 14 39 du

935 558 10 37 18
976 558 15 37 au
1024 558 15 37 27
1070 558 0 37 :
1095 558 10 37 J.
1131 558 96 37 Surman,
1255 557 18 37 B.
1298 557 86 37 Phillips
1415 557 15 37 et
1458 557 25 37 Stu
1516 557 53 37 Mar¬

929 590 45 39 tin;
999 590 26 40 les
1057 590 65 40 lundis
1154 590 0 40 :
1183 590 77 41 Claude
1295 590 110 42 Cagnasso
1440 590 29 42 Big
1505 590 62 43 Band.

937 638 75 50 LIVING
1052 640 89 48 ROOM,
1165 642 30 47 25,
1216 643 27 46 rue
1274 643 17 46 du
1321 644 86 46 Colisée
1437 646 44 44 (8e).
1505 647 41 44 Tél.

934 679 52 38 ELY.
1010 679 62 38 25-29.
1096 679 180 38 Consommation
1307 680 11 37 15
1347 680 15 37 F.
1388 680 45 37 Tous
1462 680 23 37 les
1514 680 52 37 soirs

936 710 14 38 de
985 710 14 38 22
1029 710 0 38 h
1062 710 9 38 à
1095 710 0 38 4
1125 710 17 38 h.
1169 710 72 38 Fermé
1268 709 8 40 le
1312 709 124 40 dimanche.
1463 709 28 40 Art
1521 709 49 40 Sim¬

935 742 56 41 mons
1020 742 30 41 trio
1082 742 15 41 et
1127 742 59 41 Aaron
1218 742 112 41 Bridgers.

124 876 26 62 UN
197 873 146 63 NOUVEAU
390 873 69 60 CLUB
506 879 0 52 :
541 875 112 55 APOLLO

124 965 141 53 Messieurs
307 966 92 51 Caruso
441 971 19 45 et
490 963 73 53 Lorrin
604 969 54 47 sont
692 962 38 53 des
768 962 195 53 organisateurs
1004 960 20 54 de
1065 961 119 53 tournées

123 1016 70 39 mais,
220 1015 82 40 aussi,
325 1015 39 39 des
399 1014 156 40 passionnés
590 1014 17 40 de
646 1013 41 41 jazz
722 1013 18 40 et
766 1013 47 40 leur
842 1012 77 41 violon
954 1012 109 41 d’Ingres
1098 1011 9 41 à
1130 1011 50 41 tous

124 1051 91 40 deux...
240 1051 38 40 est
306 1050 88 41 l’orgue
431 1049 170 42 électronique
639 1048 69 43 dont,
733 1047 120 44 paraît-il,
875 1047 18 44 ils
928 1046 85 45 jouent
1041 1046 44 45 fort
1113 1045 47 46 bien
1189 1057 0 34 !

125 1089 24 37 Ce
191 1088 54 38 sont
281 1088 36 38 des
356 1087 112 39 hommes
510 1086 195 40 entreprenants
747 1085 18 41 et
798 1085 75 41 même
915 1084 160 42 courageux,
1108 1083 36 43 car
1180 1083 9 43 à

125 1119 17 42 un
179 1119 109 42 moment
317 1119 29 41 où
375 1119 37 40 des
447 1119 97 40 patrons
579 1119 20 39 de
633 1119 67 39 clubs
734 1119 17 38 et
780 1119 20 38 de
838 1119 74 37 boîtes
950 1119 17 37 de
1004 1119 44 36 jazz
1082 1119 106 36 ferment

125 1158 44 42 leur
207 1157 62 42 porte
310 1157 20 42 ou
372 1156 185 42 transforment
592 1154 214 43 sournoisement
842 1154 47 41 leur
924 1152 202 43 établissement
1162 1152 17 41 en

123 1194 206 38 discothèques,
355 1194 19 37 ils
410 1193 120 38 viennent
559 1193 18 37 de
613 1193 118 37 racheter
759 1192 102 37 l’ancien
897 1192 52 36 Blue
986 1191 73 37 Note,
1088 1191 33 36 27,
1150 1191 31 36 rue

125 1230 120 44 d’Artois,
272 1229 39 44 ont
341 1229 204 43 complètement
575 1228 97 43 rénové
702 1228 9 42 la
747 1228 54 41 salle
837 1228 18 41 et
885 1228 39 40 ont
954 1227 102 41 engagé
1086 1227 18 40 un
1143 1227 39 39 des

123 1266 123 39 meilleurs
284 1265 144 40 organistes
465 1265 20 39 du
523 1264 86 40 monde
638 1264 0 40 :
667 1263 77 41 Jimmy
779 1263 49 40 Mac
865 1262 72 41 Griff.

122 1310 79 41 Jimmy
237 1309 0 41 a
274 1309 90 41 amené
394 1309 40 40 Léo
470 1308 107 40 Johnson
616 1308 17 39 un
672 1307 127 39 fougueux
835 1305 284 40 saxophoniste-ténor
1155 1305 37 37 qui

123 1347 49 41 joue
221 1346 69 45 aussi
329 1346 43 45 très
418 1345 45 43 bien
513 1345 19 44 de
578 1345 10 44 la
637 1344 69 47 flûte,
742 1344 62 47 Larry
853 1343 95 45 Frazier
987 1343 20 45 un
1056 1342 125 44 guitariste

123 1381 197 38 extraordinaire
358 1380 18 40 et
408 1380 20 40 un
467 1380 123 40 drummer
623 1380 144 40 swinguant
787 1380 0 40 :
819 1379 74 42 Jessie
931 1379 150 42 Kilpatrick.

123 1423 77 42 Jimmy
238 1423 17 41 ne
295 1423 9 41 le
341 1422 58 42 cède
436 1422 9 41 à
473 1422 75 41 aucun
585 1422 127 40 organiste
749 1422 58 39 pour
841 1422 9 38 la
887 1421 153 39 technique,
1069 1421 8 38 la
1117 1421 72 37 musi¬

123 1460 75 38 calité
234 1460 17 38 et
287 1459 180 41 l’inspiration.
503 1459 69 41 C’est
611 1458 122 44 vraiment
769 1458 19 44 un
834 1458 36 45 des
916 1458 85 45 grands
1047 1457 138 44 preachers

124 1497 19 39 du
183 1497 110 39 moment
325 1497 19 38 et
376 1497 8 38 le
424 1497 88 37 groupe
552 1497 40 37 fait
624 1496 86 37 preuve
753 1496 64 37 d’une
857 1496 43 36 rare
940 1496 139 36 cohésion.

123 1541 39 41 Lou
205 1540 118 42 Bennett,
356 1539 111 43 passant
500 1539 20 43 en
559 1539 72 43 éclair
670 1538 36 44 par
746 1538 75 44 Paris,
854 1537 62 45 entre
959 1537 56 45 deux
1057 1536 135 46 tournées,

125 1577 36 39 est
194 1577 54 39 venu
287 1577 9 39 à
326 1576 103 40 l’Apollo
468 1576 51 40 faire
558 1576 12 40 le
612 1576 0 40 «
636 1576 69 40 bœuf
729 1576 15 40 ».
774 1576 9 40 Il
813 1576 63 40 avait
909 1575 91 41 amené
1033 1575 39 41 son
1111 1575 78 41 talen¬

124 1612 69 39 tueux
234 1611 123 39 drummer
382 1611 0 39 :
415 1611 49 39 Billy
505 1611 93 38 Brooks
639 1610 47 39 qui,
719 1610 27 38 lui
776 1610 83 38 aussi,
891 1610 0 37 a
933 1610 38 37 fait
1004 1609 19 38 un
1067 1609 0 38 «
1092 1609 71 37 bœuf
1185 1609 0 37 »

125 1646 193 48 remarquable.

128 1692 19 40 Au
187 1691 112 41 moment
330 1691 28 40 où
388 1690 37 40 ces
461 1690 76 40 lignes
573 1689 152 40 paraîtront,
756 1688 44 40 Phil
831 1687 93 40 Woods
963 1687 42 40 And
1044 1687 34 39 His
1117 1686 70 40 Euro¬

123 1725 58 50 pean
219 1725 85 49 Rhythm
348 1725 113 48 Machine
498 1725 17 48 et
543 1725 10 47 le
587 1725 34 47 trio
658 1725 21 46 de
716 1725 113 46 Georges
866 1725 126 45 Arvanitas
1030 1725 85 44 auront
1146 1725 37 43 eux

125 1764 70 39 aussi
228 1763 91 40 amené
351 1763 9 40 la
401 1762 88 40 grande
531 1762 58 40 foule
630 1762 6 40 à
669 1761 100 41 l’Apollo
810 1761 50 41 (car
892 1760 127 42 lorsqu’on
1060 1759 120 42 s’occupe

126 1800 19 39 de
188 1800 43 39 jazz
271 1799 211 39 intelligemment
519 1799 19 38 on
578 1799 126 37 intéresse
744 1799 18 36 un
805 1799 78 36 public
923 1798 18 37 de
987 1798 45 36 plus
1075 1798 19 36 en
1137 1798 45 35 plus

123 1833 165 44 nombreux).

127 1876 44 44 Qui
202 1875 160 45 succèdera,
389 1875 37 45 dès
467 1875 11 45 la
515 1874 21 46 fin
576 1874 17 46 du
634 1874 55 46 mois
730 1874 17 46 de
788 1873 102 47 février,
921 1873 10 47 à
961 1873 48 47 Phil
1040 1872 92 48 Woods
1169 1872 21 48 et

124 1916 9 41 à
172 1916 115 41 Georges
332 1916 129 40 Arvanitas
492 1916 22 39 ?..
548 1916 14 38 le
609 1915 54 39 vous
710 1915 9 38 le
766 1915 76 38 donne
890 1915 19 37 en
957 1915 90 37 mille...
1086 1915 95 36 Groove

125 1952 99 39 Holmes
254 1952 0 40 —
307 1952 46 42 bien
387 1952 49 44 sûr.

125 1992 19 45 Et
174 1992 74 45 quand
285 1992 18 44 on
340 1992 74 44 pense
448 1992 18 43 au
503 1992 74 42 talent
607 1992 19 42 de
663 1992 9 41 la
709 1992 61 41 jeune
807 1992 18 41 et
856 1992 46 40 jolie
936 1992 80 40 Rhoda
1053 1992 70 39 Scott
1154 1992 37 38 qui

126 2031 0 43 a
167 2031 82 43 donné
282 2031 20 42 un
340 2031 150 42 inoubliable
532 2031 105 41 concert
670 2030 9 42 à
711 2030 9 42 la
761 2030 94 42 Maison
896 2030 21 41 de
958 2030 141 41 l’O.R.T.F.,
1131 2030 9 40 à
1170 2030 11 40 la

125 2069 79 38 classe
242 2069 18 38 de
298 2068 62 39 notre
398 2068 59 39 Eddy
492 2067 100 40 Louiss,
618 2067 18 40 et
665 2066 38 40 aux
742 2065 135 41 occasions
915 2064 73 42 (hélas
1027 2064 44 42 trop
1109 2063 82 43 rares)

124 2105 147 38 d’entendre
314 2105 126 38 Arvanitas
483 2105 18 37 et
538 2104 106 38 Maurice
690 2104 95 38 Vander
822 2103 75 39 quand
940 2103 20 38 ils
1000 2102 187 39 abandonnent

125 2137 10 45 le
171 2137 65 45 piano
273 2137 58 44 pour
362 2137 123 44 l’orgue...
513 2138 18 42 on
568 2138 18 41 se
623 2138 28 41 dit
679 2138 36 41 que
752 2138 142 40 Messieurs
931 2139 92 38 Caruso
1063 2139 18 38 et
1109 2139 74 37 Lorrin

124 2171 56 42 vont
215 2171 132 43 continuer
385 2171 11 44 à
427 2171 104 44 passer,
566 2171 18 45 et
622 2171 7 45 à
664 2171 59 45 nous
761 2171 56 46 faire
859 2171 104 47 passer,
998 2171 184 48 d’excellentes

125 2212 97 41 soirées
251 2212 0 42 !

876 2233 138 56 MAURICE
1060 2234 117 57 CULLAZ

194 2412 353 141 APOLLO
653 2415 216 138 CLUI

235 2612 68 62 27.
345 2612 63 68 Rue
460 2610 189 69 d’Artois,
691 2608 167 74 Paris-8e

399 2692 73 50 Tél.:
510 2688 73 52 BAL.
622 2686 77 52 18-92

186 2786 20 49 En
259 2786 84 51 Mars
387 2786 73 52 (sous
508 2786 137 55 réserve)

184 2852 227 132 RICHARD
501 2850 300 133 “GROOVE'
891 2854 218 128 HOLMES

1315 885 24 46 AU
1385 884 77 46 CHAT

1693 152 161 42 RIVERBOAT,
1881 151 29 41 67,
1937 151 26 40 rue
1999 146 256 45 Saint-André-des-Arts
2290 145 41 42 (6e).

1690 189 49 40 Sans
1768 188 130 40 téléphone.
1921 185 176 42 Consommation
2128 185 12 41 10
2169 185 14 40 F.
2206 184 72 41 Soirée
2307 183 14 41 de

1687 222 12 43 22
1731 221 0 43 h
1763 221 6 42 à
1793 220 0 42 2
1822 220 18 41 h.
1863 219 59 41 Jeudi
1945 218 0 40 :
1972 217 62 40 même
2066 215 144 40 programme.

1689 281 59 46 SLOW
1799 281 75 45 CLUB,
1911 281 39 45 130,
1983 281 25 44 rue
2048 281 18 44 de
2102 281 79 43 Rivoli,
2214 281 111 43 Paris-1er.

1693 322 38 38 Tél.
1757 322 0 37 :
1784 320 59 39 GUT.
1869 319 62 40 84-30.
1957 315 194 43 Consommations
2184 314 12 42 13
2225 313 15 43 et
2269 313 12 42 15
2310 312 0 43 F

1696 352 44 35 Tous
1776 351 25 35 les
1834 350 52 36 soirs
1919 349 13 37 de
1968 349 16 36 21
2015 348 0 37 h
2050 348 14 37 30
2097 347 8 37 à
2133 347 0 37 1
2165 346 0 38 h
2198 345 31 39 30.
2256 344 68 39 Fermé

1687 383 9 37 le
1733 382 64 38 lundi.
1828 382 127 38 Dimanche,
1983 381 89 39 matinée
2110 381 11 39 15
2156 381 17 39 h.
2202 380 115 40 Orchestre

1685 417 51 37 Marc
1769 417 130 36 Laferrière.

1695 482 65 44 TROIS
1796 482 138 44 MAILLETZ,
1957 482 29 44 56,
2012 482 27 43 rue
2071 482 92 43 Galande
2193 482 42 43 (5e).
2265 482 39 43 Tél.

1687 520 59 44 ODE.
1778 520 66 47 00-79.
1879 518 178 51 Consommation
2099 518 10 37 18
2151 517 17 39 F.
2203 516 115 41 Orchestre

1686 553 76 39 Claude
1799 551 96 40 Guilhot.

1691 613 94 39 CERCLE
1817 611 149 39 ECOSSAIS,
1993 610 27 38 28,
2046 609 27 38 rue
2105 609 16 37 de
2156 608 8 37 la
2198 606 126 39 Montagne¬

1688 646 231 40 Sainte-Geneviève,
1953 645 96 41 Paris-5e.
2083 644 61 42 ODE.
2178 644 62 42 14-87.
2277 643 43 43 Tous

1689 679 25 37 les
1740 678 50 38 soirs
1818 678 17 37 de
1866 677 11 38 18
1905 677 0 38 h
1933 676 14 38 30
1975 676 6 38 à
2001 676 0 38 3
2029 676 0 38 h
2057 675 31 39 30.
2107 673 219 40 Consommations:

1690 707 104 37 membres
1830 706 15 37 du
1881 706 55 36 club,
1967 706 36 36 2,50
2038 706 0 35 F
2076 706 8 35 à
2112 706 12 35 12
2160 705 25 35 F;
2216 705 45 35 pour
2294 705 26 34 les

1689 738 78 40 autres,
1793 738 0 40 5
1824 737 0 41 F
1855 737 7 41 à
1884 736 15 42 24
1931 736 16 42 F.
1972 735 63 43 Même
2066 733 145 45 programme.

1311 984 105 50 Edmond
1466 984 38 52 qui
1542 986 97 53 préside
1685 987 38 51 aux
1770 977 126 61 destinées
1946 980 17 50 du
2014 984 0 41 «
2039 976 63 58 Chat
2144 977 38 57 qui
2220 975 101 56 pêche»
2367 981 0 50 a

1312 1031 132 40 beaucoup
1486 1030 19 39 de
1548 1029 47 40 flair
1629 1029 19 39 et
1682 1027 118 41 présente
1842 1027 8 39 à
1884 1026 36 40 son
1962 1025 76 40 public
2080 1024 37 40 des
2159 1023 148 41 ensembles
2349 1022 17 40 de

1311 1068 103 40 qualité.

1309 1116 49 42 Bien
1399 1114 183 45 accompagné
1616 1113 37 46 par
1687 1112 93 47 Michel
1814 1110 108 49 Graillier
1960 1109 18 50 un
2019 1109 38 50 des
2094 1108 49 52 plus
2180 1106 75 54 doués
2296 1105 79 55 parmi

1308 1156 27 39 les
1371 1155 82 39 jeunes
1489 1154 134 39 musiciens
1659 1153 38 39 qui
1722 1153 0 38 «
1749 1152 113 39 montent
1883 1152 17 38 »,
1927 1152 50 38 Alby
2012 1151 80 38 Cullaz
2125 1150 57 38 dont
2210 1150 8 37 le
2256 1150 0 37 «
2281 1149 58 38 drive
2369 1149 0 37 »

1310 1192 147 40 commence
1490 1192 8 38 à
1523 1191 104 39 devenir
1654 1190 145 39 proverbial
1824 1189 19 39 et
1870 1189 104 38 Bernard
2007 1188 74 38 Lubat
2106 1188 19 37 un
2160 1187 36 38 des
2232 1186 134 38 drummers

1310 1228 18 38 et
1362 1226 244 40 percussionnistes
1649 1225 55 40 dont
1738 1225 12 39 la
1793 1224 86 40 France
1922 1223 58 41 peut
2017 1221 201 42 s’enorgueillir,
2250 1220 118 42 Jean-Luc

1313 1263 68 40 Ponty
1422 1263 0 40 a
1463 1262 68 41 attiré
1568 1261 17 42 un
1626 1259 136 44 nombreux
1803 1258 75 45 public
1919 1257 20 46 et
1973 1257 17 46 a,
2025 1256 20 47 de
2086 1255 133 48 nouveau,
2249 1253 126 50 confirmé

1312 1301 62 37 Slide
1415 1299 117 39 Hampton
1573 1299 47 38 puis
1662 1298 61 39 Keith
1765 1297 85 40 Jarrett
1882 1297 38 39 ont
1956 1296 117 40 succédé
2106 1296 8 40 à
2150 1295 70 41 Ponty
2261 1295 18 40 et
2311 1294 56 41 nous

1312 1336 59 37 Slide
1413 1334 118 38 Hampton
1573 1334 48 38 puis
1660 1333 59 38 Keith
1767 1332 90 39 Yarrett
1891 1332 36 38 ont
1961 1331 118 39 succédé
2112 1331 9 38 à
2152 1330 70 39 Ponty
2261 1330 17 39 et
2315 1329 53 39 nous

1310 1371 95 41 serions
1448 1370 42 42 fort
1526 1369 105 43 étonnés
1674 1369 16 43 si
1726 1368 98 44 Clifford
1867 1367 82 45 Jordan
1995 1366 16 46 et
2047 1366 10 46 le
2099 1364 164 48 merveilleux
2306 1363 59 45 Hank

1309 1411 96 42 Mobley
1444 1411 33 41 (un
1519 1411 36 40 des
1597 1410 48 40 plus
1684 1410 87 40 grands
1813 1409 139 40 musiciens
1994 1408 90 39 actuels
2126 1408 54 38 mais
2222 1407 72 38 aussi
2327 1407 39 37 des

1309 1453 48 39 plus
1390 1451 205 41 sous-estimés)
1622 1451 18 39 ne
1676 1450 135 40 passaient
1838 1449 54 40 pas,
1919 1449 54 40 dans
2009 1448 36 41 une
2081 1447 82 41 avenir
2193 1447 42 41 très
2268 1446 108 42 proche,

1310 1488 16 39 au
1365 1487 0 40 «
1390 1486 64 41 Chat
1483 1485 36 42 qui
1547 1484 77 43 pêche
1653 1483 16 44 ».
1695 1482 74 45 Bravo
1807 1480 132 47 Edmond!

1315 1674 23 48 DU
1385 1672 144 49 NOUVEAU
1575 1671 0 48 A
1615 1671 20 47 LA
1679 1669 157 48 HUCHETTE

2064 1516 98 48 PIERRE
2202 1511 170 51 CRESSANT

1314 1789 25 41 On
1374 1788 46 45 sait
1449 1787 39 49 que
1523 1787 11 50 le
1569 1787 0 49 «
1598 1786 95 50 Caveau
1732 1785 18 49 de
1786 1785 10 48 la
1832 1784 120 48 Huchette
1984 1783 14 47 »,
2027 1783 35 46 une
2101 1782 36 46 des
2172 1781 50 45 plus
2257 1780 114 45 célèbres

1313 1828 72 39 caves
1424 1827 18 40 de
1481 1827 42 40 jazz
1562 1827 19 40 de
1620 1826 60 40 Paris
1719 1826 0 40 a
1755 1826 39 40 été
1824 1825 93 41 acheté
1947 1825 39 41 par
2016 1824 63 42 notre
2119 1824 45 41 ami
2194 1824 63 41 Dany
2296 1823 81 42 Doriz.

1311 1861 158 39 Evénement
1498 1861 195 38 remarquable.
1723 1860 88 38 Encore
1848 1860 19 37 un
1907 1860 45 37 club
1992 1859 19 38 de
2051 1859 43 38 jazz
2128 1859 40 37 qui
2198 1858 61 38 allait
2291 1858 86 37 dispa¬

1312 1900 66 41 raître
1421 1899 69 41 (pour
1531 1898 100 41 devenir
1671 1898 52 41 Dieu
1769 1898 43 40 sait
1852 1897 92 40 quoi...)
1981 1897 20 40 et
2039 1896 37 40 qui
2110 1896 0 40 a
2156 1896 38 39 été
2231 1895 80 40 sauvé
2349 1895 20 39 de

1312 1937 111 41 justesse
1460 1937 40 42 par
1531 1936 78 44 Dany.

1313 1986 83 44 Doriz,
1426 1984 67 45 lrakli
1520 1984 20 44 et
1570 1982 73 46 Saury
1680 1982 0 45 y
1717 1981 37 46 ont
1787 1980 53 46 joué
1871 1979 20 46 et
1921 1978 36 47 ont
1991 1976 120 48 continué
2141 1976 10 47 à
2178 1974 103 49 amener
2315 1973 57 49 dans

1312 2028 37 42 cet
1380 2025 201 45 établissement
1611 2025 11 45 la
1656 2024 61 46 foule
1754 2022 188 48 estudiantine.

1313 2083 18 39 Le
1379 2081 93 40 nouvel
1512 2079 126 41 orchestre
1686 2077 78 42 formé
1803 2076 39 42 par
1885 2075 66 42 Doriz
1999 2073 153 43 comprend,
2188 2072 22 43 en
2258 2071 45 43 plus
2351 2070 18 43 du

1313 2119 68 40 chef,
1409 2119 18 40 au
1467 2118 175 41 vibraphone,
1670 2117 116 41 Georges
1823 2116 77 42 Dercy
1940 2116 9 42 à
1980 2116 9 42 la
2029 2114 147 44 trompette,
2210 2113 104 44 Villéger
2351 2113 16 44 au

1313 2155 258 39 saxophone-ténor,
1599 2154 115 38 Camicas
1748 2154 18 36 au
1800 2153 148 37 trombone,
1974 2152 143 36 Garvanoff
2143 2151 19 36 au
2198 2151 86 36 piano,
2307 2150 68 36 Jean¬

1314 2189 69 42 Marie
1422 2188 100 43 Ingrand
1560 2187 11 44 à
1599 2187 10 43 la
1647 2184 170 46 contrebasse
1856 2184 20 46 et
1908 2183 7 47 à
1946 2183 10 47 la
1995 2181 90 49 guitare
2123 2180 73 49 basse
2234 2179 18 50 et
2286 2178 94 51 Michel

1312 2228 73 40 Denis
1422 2228 9 40 à
1460 2228 8 41 la
1506 2228 121 42 batterie.

1372 2392 246 136 Caveau
1712 2391 48 135 de
1853 2390 30 131 la
1976 2389 322 136 Huchette

1424 2531 23 56 5,
1478 2542 36 45 rue
1559 2528 22 59 de
1630 2535 9 52 la
1684 2526 174 62 HUCHETTE
1902 2525 50 63 (5e)
1993 2531 0 48 —
2042 2525 94 61 DAN,
2167 2524 90 61 65-05

1510 2616 59 47 Tous
1615 2608 36 55 les
1692 2610 73 63 jours
1806 2613 27 57 de
1888 2607 22 62 21
1951 2606 23 64 h.
2010 2606 23 63 30
2088 2613 13 57 à
2138 2606 0 64 l
2179 2606 22 63 h.

1506 2675 183 68 VENDREDI
1729 2678 25 64 et
1793 2671 139 70 SAMEDI
1972 2670 114 71 jusqu’à
2126 2672 0 60 2
2175 2677 25 57 h.

1371 2740 150 60 Matinées
1565 2741 123 59 Samedi
1724 2741 22 59 et
1785 2742 159 59 Dimanche
1993 2743 26 58 de
2072 2743 13 58 16
2138 2743 22 58 h.
2196 2743 9 59 à
2244 2744 14 58 19
2311 2744 22 58 h.

1371 2850 35 58 Du
1459 2848 29 62 1er
1524 2859 23 52 au
1600 2848 35 65 22
1694 2852 118 62 Mars:
1853 2829 100 85 DANY
2006 2829 112 86 DORIZ
2170 2830 147 84 SEPTET

1370 2928 35 64 Du
1458 2928 29 65 23
1545 2935 23 59 au
1620 2930 29 64 31
1696 2928 116 67 Mars:
1853 2914 180 83 MAXIM
2120 2914 198 85 SAURY

2339 3052 29 45 29
