2480 3508
487 148 396 95 CONCERTS

641 233 105 59 PARIS

181 272 901 57 Le 1er janvier, au Théâtre Monffetard, à 22 h : Jef Gilson (12 F).

179 309 873 43 Le 2, au Théâtre Mouffetard, à 22 h : Christian Escoudé (id.).

181 336 766 49 Le au Théâtre Mouffetard, à 22 h : Michel Roques (id)

177 362 1025 53 Le 4. au Théâtre Mouffetard, à 22 h. B. Vitet, B. Guérin. M. Portal,

263 391 286 47 J. Minor, B. Gauthier

173 407 1033 70 Le 4, salle 105, Maison de l'OR.T.F., à 18 h : Le Jacques Thollot Quar¬

265 450 257 43 tet; Perception (12F)

175 456 933 61 Le 8 au Théâtre Mouffetard, à 20 h 30 : Le Cohelmec Ensemble.

179 500 1016 49 Le 11, au Théâtre Paris Nord, 16, rue Georgette-Agutte (18) (229-09-27)

298 532 904 52 17 h : Eliminatoires du 1er Jazz Jamboree; Claude Cagnasso Big

261 533 72 67 Band

173 572 1033 69 Le 18, salle 105, Maison de l'O.R.TF., à 18 h : Milt Buckner et Big Nick

265 608 93 46 Nicolas

177 633 1024 58 Le 21, à la Malson des Mines, 270, rue Saint-Jacques, à 21 h : Newtone

267 666 134 39 Expérience

169 663 1006 76 Le 24 au P.L.M., rue Saint-Jacques, Fête annuelle Ecole Spéciale de

257 716 936 61 Mécanique et d’Electricité, à 22 h. Bill Coleman; à 24h : Le

259 744 271 45 Cohelmec Ensemble.

175 763 1029 61 Le 25, à l’American Center, 261, boulevard Raspail, à 21 h : Newtone

263 799 144 46 Experience

169 815 1024 73 Le 1er fevrier, salle 105, Maison de l'ORTF : Le duo Gérard Marais-

225 853 588 56 Joseph Dejean; le trio de Joachim Kühn.

612 898 162 56 BANLIEUE

178 909 1015 90 Le 10 au Jazz Club de Saint-Leu-la-Forêt, salle de la Croix-Blanche,

178 976 1003 58 à 21 h : Le Big Band de Saint-Germain avec Roger Guérin, Michel Netter,

175 1003 234 41 Gilles Ventadour.

177 1027 1020 52 Le 11, à 20 h 30 : 1er Festival de Jazz de Massy, à 20 h 30, à l’ACEP.

178 1052 1015 55 1 allée du Québec. 91300 Massy Grand Ensemble (920-57-04): L’Anthony

177 1079 1018 55 Big Band, le trio de Georges Arvanitas, le saxophoniste (Steve Potts

177 1110 1022 59 Frank Wright Solo et duo et l’Intercommunal Free Dance Music Orchestra

173 1138 476 58 de François Tusques (12 et 10 F)

604 1190 173 51 PROVINCE

179 1221 1022 67 Tous les jeudis de janvier à l’Aiglon, 73, boulevard Saint-Antoine,

181 1257 743 67 Versailles, vers 22h30 : Le Minor Swing Quintette.

178 1274 822 64 Le 10, à la MJC d'Audincourt, à 21h : Newtone Experience

175 1303 831 70 Le 18, au Cirque Municipal de Troyes, à 21 h : Perception

179 1342 604 47 Le 28, à Marseille : Martial Solal en solo

181 1368 524 46 Le 29, à Nice : Martial Solal en solo

178 1382 614 132 30  et 31 à Grenoble : Martial Solal en solo

172 1400 1015 120 Le 1er février à Pontoise, au Théâtre des Louvrais (030-33-33), à 20 h 30 :

172 1435 1018 76 M. Solal, J Kühn, G. Grunz, G. Arvanitas, J.F. Jenny Clark, D. Humair

177 1477 76 45 (15-20 F)

177 1494 899 70 Le 4 février à la MJC de Lisieux, à 21 h : Newtone Experience.

1735 155 271 86 RADIO

1360 276 1034 67 BLACK AND BLUE (le lundi à 22 h). Une émission de Lucien Malson.

1754 239 289 57 FRANCE CULTURE

1358 385 1038 72 JAM PARADE (ancien Jazz sur Scene) (le jeudi, à 22 h ?). Une émis¬

1756 350 248 45 FRANCE INTER

1362 432 310 47 sion d’André Francis

1370 457 1022 53 2 janv. : Gato Barbieri et Sonny Rollins au Festival Newport à Paris.

1370 498 1020 55 9 janv. : Otis Rush, Jimmy Dawkins, Sunnyland Slim, Big Voice

1364 557 1022 56 16 janv. : Guttorm Scene, Nilo Fandstorm, le Umea Big Band, le

1499 532 339 48 Odom et Freddie King

1501 594 887 43 Tapiola Youth Big Band, l’Asmund Bjorken Sextet et le Jan

1356 645 1030 60 23 janv. : Barney Bigard, Arvell Shaw, Tiny Grimes, Benny Waters.

1493 617 199 49 Carr Nucleus.

1497 682 887 48 Buddy Tate, Eddie Lockjaw Davis, Earl Hines, Budd Johnson,

1497 711 891 52 Milt Buckner et Eddie Vinson à la Grande Parade du Jazz

1358 769 1028 53 30 janv. : Terje Rypdal et les pianistes Gordon Beck, Bobo Stenson.

1495 738 129 47 de Nice.

1499 799 887 58 Fritz Pauer, Jasper Van t'Hof. George Grunz et Joachim

1499 828 74 54 Kühn.

1727 875 292 48 FRANCE MUSIQUE

1358 917 1036 55 JAZZ VIVANT (le dimanche de 19 h 35 à 20 h 30 ou le jeudi de

1366 951 690 46 23 h à 23 h 50). Une émission d’André Francis

1368 979 1024 73 2 janv. (23 h) Le Quintette de McCoy Tyner au Festival Newport

1362 1046 878 53 12 janv. (19 h 35) : Joe Henderson à la Maison de l’O.R.T.F.

1503 1017 111 52 à Paris.

1366 1083 529 53 16 janv. (23 h) : Le Dharma Quintette

1360 1120 1028 51 26 janv. (19 h 35) : Tribute to Charlie Parker au Festival Newport à Paris.

1362 1148 1027 65 30 janv. (23 h) Takachi Kako, Itaru Oki, Moteru Takagi et Masahiko

1358 1212 1034 70 LE MONDE DES JAZZ (en alternance avec Jazz Vivant). Une émission

1499 1188 380 45 Satoh au Centre Américain.

1358 1251 229 50 d’André Francis.

1368 1271 1015 67 5 janv. (19 h 35) Thèmes de Basie et de Coltrane par les trios LHR

1365 1333 1024 73 9 janv. (23 h) Rééditions de jazz classique (Scott Joplin. Charlie

1499 1315 433 47 et LHS et par Woody Herman

1356 1391 1033 88 19 Janv. (19 h 35) Henry Franklin, Doug Carn, Rudolph Johnson, Gene

1495 1375 119 49 Shavers)

1356 1471 710 56 23 janv. (23 h) : L’œuvre de Charlie Parker (Ill).

1493 1442 355 48 Russell et Julian Priester.

1358 1512 735 51 LE CLUB DU JAZZ (ts les jours de 18 h 30 à 19 h).

198 2410 665 53 BILBOQUET (anc. Club Saint-Germain), 11, rue

198 2447 654 49 Saint-Benoit, Paris-6e (548-81-84). Tous les soirs

196 2473 659 50 à la cave (28 F cons. comp.) : programme non

194 2506 178 45 communiqué.

195 2525 653 79 BOFINGER, 5, rue de la Bastille (2728782)

196 2572 537 47 Restaurant. Ts les jours : Jean Bonal.

195 2598 644 71 CALAVADOS, 40, avenue Pierre-Ier-de-Serbie

193 2648 651 47 Paris-8e (225-95-38). Tous les soirs : Joe Turner.

193 2685 655 53 CAMELEON, 57, rue Saint-André-des-Arts, Pa¬

194 2720 650 51 ris-6e (DAN. 64-40). R.-de-ch. : discoth. jazz.

193 2749 313 47 Cons. à partir de 4 F

194 2777 663 58 CAVEAU DE LA HUCHETTE, 5, rue de la Hu¬

193 2818 646 49 chette, Paris-Se (DAN. 65-05). Entrée : 9 F de

198 2847 650 45 21 h 30 à 2 ou 3 h; samedi : 12 F. Consom¬

194 2874 652 39 mation à partir de 2,50 F. Du 1er au 12 : Jean¬

194 2901 650 43 Pierre Sasson. Les 13 et 14 : le Swing Limited

193 2931 653 44 Corporation. Du 15 au 19 : Dany Doriz. Du 20

195 2958 647 47 au 2 Marc Laferrière. Du 28 au 2 : Dany

191 2979 655 61 Doriz. A partir du 20, en attraction : Memphis

193 3011 68 44 Slim

191 3042 670 58 CAVEAU DE LA MONIAGNE, 18, rue Des¬

196 3085 634 41 cartes, Paris-5e (ODE. 82-39). Consommation

194 3108 652 43 15 F. Fermé le dim. Mardis: Big Bands ; mer¬

194 3135 650 51 credis : lazz Fouchtra ; jeudis : Watergate

193 3163 649 52 Seven Group; vendredis : Sharkey & Co;

193 3192 497 60 samedis : New-Orleans Wanderers

953 2418 655 55 LE CHEVALIER DU TEMPLE, 33, rue des

951 2453 657 57 Rosiers, Paris (4), Le mardi, le dimanche et

959 2481 643 44 le jeudi 22 entrée + cons : 25 F

955 2504 653 50 (277-40-21) : A. Rives, N. Morgan, J. Samson

953 2535 175 47 et L. Debat.

951 2572 647 49 LA CIGALE, 124, boulevard Rochechouart, Pa¬

953 2604 640 53 ris-18e (MON. 59-29). Consommation : 4 F et

947 2633 629 53 6 F. Tous les jours de 21 h 30 à 2 h

951 2652 281 58 Orchestre Al Lirvat.

955 2703 659 50 LE CLUB ARTOIS (ex- Blue Note), rue d’Ar¬

953 2734 647 43 tois (8e) : les mercredis et vendredis à O h 30.

955 2759 653 55 Stegfried Kessler, F. Nyombo, J. Samson et

953 2792 170 43 H. Castello.

950 2812 649 67 LE FURSTENBERG, 25, rue de Buci, Paris-5e.

953 2841 649 70 Tél. 033-79-51. Tous les soirs jusqu'à 3 h du

953 2886 394 45 matin : André Persiany trio.

953 2929 653 45 LIVING ROOM, 25, av. du Colisée, Paris-8e

953 2960 647 47 (ELY. 25-29). Consommation : 15 F. Tous les

953 2989 647 45 soirs sauf dimanche de 22 h à 4 h : Pro¬

953 3016 359 49 gramme non communiqué.

955 3053 651 53 LA LOUISIANE, 176, rue Montmartre (2e)

951 3087 649 46 (236-58-98). Restaurant cuis. louisianaise (env.

953 3114 647 45 50 F) de 21 à 24 h. Le lundi : Bill Coteman.

957 3141 643 45 Le mardi : Louisiana Ragtimers Le mercredi:

953 3166 651 45 Marc Bercovitz. Le jeudi : Bob Vatel. Le ven¬

951 3196 657 62 dredi : le High Society Jazz Band. Le samedi :

1707 2423 647 53 Marc Bercovitz. Except. le 8 et le 11 : Eddie

1711 2455 536 49 Bernard. Les 13 et 14 : Beryl Bryden.

1715 2488 648 57 LE NEWPORT, 18, rue des 4-Vents, Paris (6e).

1711 2527 652 49 Sans heure fixe de fermeture. Ts les jours.

1715 2554 252 43 discoth. jazz: 6 F

1711 2592 653 48 LA PAILLOTE, 45, rue Monsieur-le--Prince

1713 2627 646 48 (DAN, 45-69). De 15 h à 3 h du matin : 4 F.

1711 2656 316 43 9 F. discothèque jazz.

1707 2689 657 58 RIVERBOP, 67, rue Saint-André-des-Arts, Pa¬

1713 2732 650 43 ris-6e (sans téléphone). Du mercredi au sa¬

1713 2759 646 45 medi soir à partir de 22 h (consommations:

1713 2768 647 73 13 et 15 F) Voir programme détaillé dans

1713 2814 371 50 notre rubrique Jazz News.

1707 2844 650 58 SLOW CLUB, 130, rue de Rivoli, Paris-1er

1715 2886 644 45 (233-84-30). Consommations : 12 F en semaine,

1717 2911 646 47 15 F vendredi et samedi. Tous les soirs sauf

1713 2935 647 61 lundi de 21 h 30 à 2h. Matinée dimanche

1711 2964 464 52 15 h. Orchestre Michel Attenoux.

1713 3011 644 48 TRAFALGAR, 54, r. Pigalle, Paris-9e (874-54-57)

1711 3042 652 46 Ouvert 24 heures sur 24. Pub, restaurant. Ts

1715 3069 614 41 les soirs à 22 h, cons. à part. de 14 F

1709 3090 384 55 Maxime Saury (ss réserves)

1707 3125 653 99 TROIS MAlLLETZ, 56, rue Galande, Paris-5e

1716 3163 638 64 ODE. 00-79) Consommation : 20 F. orchestre

1711 3196 232 62 J. C. Fohrenbach.

1479 1677 790 71 ÉCHANGEZ VOS DISQUES

235 1681 930 137 VANDOREN

1649 1757 450 63 classiques et modernes

366 1851 634 97 ANCHES et BECS

1464 1841 824 63 Reprise possible de vos anciens 33 fours

366 1946 640 69 POUR INSTRUMENTS DE MUSIQUE

196 2046 958 109 56. Rue Lepic — PARIS (18"

1423 2005 901 90 DISQUE ET MUSIQUE RENNES

499 2165 378 72 Tél.: 255.90.20

1624 1902 505 62 en bon état jusqu’à 15 F

1477 2112 798 70 161, rue de Rennes - 75006 Paris

1540 2190 647 57 M° Montparnasse 548.63.37

1056 2330 425 92 CABARETS

142 3279 62 69 24
