2480 3508
128 194 402 96 FESTIVALS

130 1161 369 55 PORTUGUESE SOUL

136 1245 1082 52 Le quatrième Festival de Jazz de Cascais (Portugal) eut lieu du 22 au

134 1274 1084 57 24 novembre dernier dans la grande Salle des Sports de cette charmante

136 1305 965 51 station estivale, éloignée d’une vingtaine de kilomètres de Lisbonne.

134 1334 1084 53 Une partie de la tournée européenne 74 de George Wein fournissait l’essen¬

138 1366 1076 48 tiel du Festival : le programme dédié à Charlie Parker, et les orchestres de

134 1388 1079 56 McCoy Tyner, Charles Toliver, Gato Barbieri. Participaient également le

136 1418 1082 51 quintette polonais de Zbigniew Namylowsky, le trio allemand de Walter

138 1453 583 49 Strerath et quelques musiciens portugais.

136 1475 1086 54 En marge du Festival proprement dit se déroulèrent les 20 et 21 un débat

140 1512 1078 47 avec la participation de journalistes locaux et étrangers et un débat public.

136 1537 1084 49 Nous ne nous étendrons pas sur la participation américaine qui a fait l’objet

136 1568 612 49 des comptes rendus des concerts de Paris

138 1596 1086 52 Toutefois nous soulignerons la forme extraordinaire de Dizzy Gillespie tout

138 1629 1082 48 au long des deux concerts auxquels il participa ; le quintette de McCoy Tyner

138 1656 1078 47 qui confirma son excellente prestation de Paris. Une seule note fâcheuse

140 1683 1080 47 le programme de Gato Barbieri dont les interprétations semblaient toutes

138 1711 1080 46 sortir du même moule et qui se crut obligé d’agrémenter l’une d’entre elles

136 1740 390 45 d’un appel à la Révolution

140 1765 1084 55 Les Portugais présents (et ils étaient au moins cinq mille) n’ont pas tellement

138 1800 815 45 appréciés, si l’on juge par l’accueil qu’ils lut réserverent

138 1826 1088 50 Par contre, le quintette polonais de Zbigniew Namylosky fit l’unanimité, ce

136 1855 971 51 qui était parfaitement justifié car il fut la révélation de ce Festival

138 1888 1088 55 L’animateur Luis Villas-Boas et son infatigable équipe avaient tout lieu d’être

140 1911 883 62 satisfaits du succes populaire de ce quatrième Festival de Jazz.

1126 1931 102 70 Ch. D.

136 2073 487 53 JAMBOREE A VARSOVIE

138 2157 1092 54 Fin octobre, le Jazz Jamboree de Varsovie est l’une des manifestations les

138 2190 1086 51 plus brillantes du monde : pendant une semaine, la Sala Kongresowa, luxueuse

142 2215 1082 47 et confortable, accueille chaque soir 3.000 spectateurs. Le public très attentif

138 2245 1086 44 écoute les deux élégants présentateurs, avec une patience qui semble

144 2270 1082 53 d’autant plus surprenante au Français, que le discours en polonais dure bien

140 2305 497 43 dix minutes avant chaque formation.

144 2332 1088 51 En fait, ce sont ici les premières soirées de la tournée NEWPORT EN

140 2362 1086 46 EUROPE. Mais ici, les prestations des « grands Américains » sont toujours

146 2391 1076 49 relativement brèves (moins d’une heure) pour permettre aux orchestres euro¬

142 2422 460 47 péens est et ouest de s’exprimer

142 2443 1088 59 Notre rôle dans ces quelques lignes sera donc moins de dire que Gato

144 2480 1082 51 inconnu en Pologne, a tellement surpris les Varsoviens qu’il a cru avoir

144 2506 1086 48 déplu et ne revint plus, n’entendant pas de sa loge le public debout

142 2535 1084 45 l’acclamer et le réclamer pendant plus d’un quart d’heure. McCoy Tyner, lui,

146 2562 1082 47 souleva l’assistance des les premières mesures. Quant à Stan Getz, présenté

142 2592 979 44 par Willis Connover (Voice of America), il fut semblable à lui-même

144 2621 1088 47 Sans dédaigner ces desserts de roi, le Jazz Jamboree offre en hors-d’œuvre

144 2652 1084 51 de véritables régals: avant tout, Zbigniew Namylowsky, qui en dépit de ses

144 2681 1086 45 nom et prénom « impossibles » a commencé une irrésistible ascension mon¬

144 2707 1086 48 diale; éblouissant saxophoniste alto, il excelle aussi à la flûte et au

146 2736 1082 47 violoncelle. Tout au long de ces soirées, il a joué dans plusieurs formations,

144 2763 1080 47 mais c’est son propre quintette qui lui permet de s’exprimer le mieux

150 2790 1082 41 quand il est accompagné par Tomasz Szukalski (ts, cl). Wojciech Karolak

144 2818 883 44 (piano). Pawel Jarzebski (basse) et Czeslaw Bartkowski (perc.).

143 2835 1088 102 Un pianiste, Jan Jarczyck, mériterait que l'on parle davantage de la qualité

149 2873 1076 59 de ses arrangements et de ses accompagnements, de la chanteuse Eva Bem

144 2909 226 47 particulièrement.

144 2931 1090 56 Autre pianiste, boulevarsant celut-là : Adam Makowicz, n’est plus un inconnu,

146 2972 544 42 mais il mérite une notoriété mondiale.

142 3001 1090 47 Les NOVI SINGERS, en légère perte de talent, et le trompette Tomasz Stanko

144 3034 1088 45 restent les plus populaires, sans concession. Le duo formé par Gladkowski

144 3059 1086 51 au violoncelle et le fabuleux Krysztof Zgraja à la flûte, ne peut être passé

144 3090 906 47 sous silence: richesse d’invention, virtuosité, Iyrisme échevelé

144 3116 1086 54 Parmi les invités autres que U.S., il faut citer le quartette BROTZMANN,

144 3151 1086 43 provocateur jusqu’au délire, mais surtout la véritable révélation de ce Jazz

146 3176 1082 43 Jamboree: le quartette norvégien d’ARILD ANDERSEN; quand entendrons¬

148 3203 1082 49 nous en France ces jeunes musiciens qui éclatent du bonheur de jouer une

144 3233 805 62 musique swinguante comme on n’en n’a plus l’habitude

970 3256 268 62 Pierre LAPUOVER.

2000 175 396 84 CONCERTS

1314 302 532 58 A QUOI SERT L'ANGLETERRE

1321 377 1077 61 Derek Bailey (guitare solo) au Musée d'Art Moderne, le 13 novembre 1974.

1318 400 1077 67 Derek Bailey (g); Ken Carter (b); John Stevens (dm) au Unity Theatre

1319 448 139 50 (Londres).

1319 467 964 63 Evan Parker (ss, ts) ; Paul Lytton (perc) au Unity Theatre (Londres).

1325 541 1069 49 l’instrument et fourage son acoustique de bois et de métal vibrant ensemble

1356 508 1044 59 louer guitare » dirait Boulou Ferré. Derek Bailey plonge au cœur de

1327 571 1075 50 Il accomplit ses développements sonores par la manipulation des composants

1327 596 1071 52 essentiels de la guitare — sa caisse, ses cordes, son chevalet — avec des

1323 623 1079 53 prolongements en quelques sertes » naturels » — corde supplémentaire

1323 652 1073 45 tendue par le pied entre le manche et le chevalet — plutôt que par la

1321 676 1081 50 modification électronique de l’émission guitaristique. Derek aime à préciser

1323 705 1079 47 que, sans qu’il s’agisse bien sûr pour lui d’une quelconque réprobation des

1323 732 1077 47 moyens « artificiels » mis au service de la musique, Il préfère actuellement

1323 760 1077 48 réaliser un fait sonore donné — vibrato par exemple — par le contrôle de

1323 787 1079 54 sa guitare plutôt que par l’adjonction à celle-ci d’une boite noire électronique.

1323 816 1082 53 C’est qu’en effet, la musique de Derek Bailey est un apprentissage. D’un

1321 851 1081 47 concert au suivant, c’est à l’évolution continue d’un flux compositionnel

1323 875 1082 48 qu’on assiste. Cette musique est la mise au point, l’expérience d’un matériau

1323 906 1079 47 dont la connaissance en profondeur exige qu’il ne soit pas dévié par des

1323 939 273 47 pratiques connexes.

1325 966 1080 49 Cet aspect expérimental, travail de la matière, rapproche Derek Balley du

1325 997 1078 51 duo Evan Parker-Paul Lytton, dont l’avais déjà parlé Il y a deux ans dans

1325 1025 1049 41 ces colonnes, et qui, avec la parution de l’album « Collective Calls

1329 1054 1078 47 (Incus 5), s’affirme aujourd’hui comme une des voies majeures de la nouvelle

1325 1083 291 45 musique européenne.

1325 1108 1080 53 Bien que Dersk déclare préférer que l’humour reste un phénomène musical

1323 1142 1080 44 marginal, on peut tout de même avancer (et lui-même en convient volentiers)

1325 1169 1080 45 que par son caractère de renversement symbolique de l’univers culturel euro¬

1327 1192 1076 53 péen (de » ce qui se passe dans la rue », dirait Derek), son attitude et

1327 1223 1076 47 celle de Parker et Lytton vis-à-vis du réel est d’en construire une lmage

1329 1257 117 46 ironique.

1327 1257 1071 84 On est en présence d'un travail de l'humour analogue à celui qui nous

1327 1319 620 45 permet d’exorciser le malheur ou la douleur

1321 1324 1085 73 Comme en d’autres temps et en d’autres lieux le furent les » dirty

1329 1377 1074 47 dezens » et le blues, cette musique nouvelle est aussi la manifestation

1330 1400 1068 52 symbolique (et subversive par sa lucidité critique) de a façon dont la

1333 1432 1074 45 matière et la vie sont menées par l’homme, bref, de » ce qui se passe dans

1331 1461 103 53 la rue

2218 1475 193 58 Jean Delmas.

1323 1590 778 62 UN GRAND BONHEUR : STEVE LACY soLO

1329 1637 959 56 15 et 16 novembre, cour des Miracles, 23, avenue du Maine, Paris.

1327 1707 1082 54 C’est un grand bonheur. Lacy, encouragé sans doute par le succès de son

1331 1738 1078 49 merveilleux album - Solo» (Emanem, distribution Sun Records) parvient

1329 1769 1078 41 enfin, avec cette solitude tant désirée (par nous), à donner la quintessence

1331 1794 1078 45 de son art lors de deux concerts en solo. Ces soirées, moments privi¬

1329 1820 1074 48 légiés de sa musique, comblèrent les deux souhaits que chacun de ses

1331 1849 1080 43 concerts nous faisait auparavant formuler : un peu moins de monde sur la

1331 1878 548 43 scène et beaucoup plus dans la salle.

1336 1917 1067 79 procurant enfin à ce musicien que nous admirons tant, ce qu'il est convenu

1331 1972 464 43 d’appeler « succès commercial "

1331 1995 1082 51 C’est un grand bonheur, l'éclosion d’un univers Intérieur fait de recherche

1329 2032 1074 43 toujours renouvelée, de communication et de joie, avec constamment le

1333 2058 1078 46 passage de l’ombre à la lumière, du tourment à la paix, de l’inoui à l’habi¬

1331 2083 1078 45 tude. Car il faut savoir et hurler sur les toits combien la musique de

1329 2112 1078 45 Lacy est joie, et comment lors de ces mémorables soirs de novembre. I

1329 2139 1080 43 nous combla de moments pleins et juteux, marqués de saveurs créoles, balan¬

1331 2167 1078 44 cant continuellement entre le plein du tempo, du swing (fou), de la valse,

1331 2194 1074 47 du calypso, et parfois aussi le creux douleureux d’une lucidité déchirante

1331 2221 1080 41 martyr du soprano embrassé, sucé, régressant jusqu’aux plus essentiels

1331 2249 1078 44 symptômes de la vie (énorme respiration, souffle projeté sur le spectateur,

1335 2276 1080 41 sur moi, miroir étonnant, moment bouleversant où chacun se vit soudain

1331 2303 1080 47 dans sa plus élémentaire posture biologique, régression sublime à l’état de

1333 2332 583 47 cellule dérisoire bouffante et défécatrice).

1333 2367 1076 43 C’est un grand bonheur. Le jeu entre toutes les directions de son art

1335 2391 1078 43 l’intelligence de compositions dont la beauté ne rappelle peut-être que

1333 2422 1076 43 celle des sommets monkiens, la perfection du swing. la sublimation des

1335 2449 1076 43 citations (- Get Happy -). la sensualité du son, cette construction admirable,

1335 2477 1078 44 furent je crois clairement perçus par le public. Il fit à Lacy un accueil

1335 2506 1076 43 dont la chaleur émut profondément tous ceux qui, depuis des années, as¬

1337 2533 1076 41 sistent à l’incroyable indifférence dans laquelle cette musique admirable

1339 2558 1074 45 se produit (rappelons-nous ces salles aux trois quarts vides du Théâtre de

1337 2588 624 44 l’Epée de Bois ou de la Cité Universitaire)

1335 2617 1078 49 C'est un grand bonheur. Devant une telle réussite, en face d’un tel amour,

1343 2648 1068 45 la tentation est grande de donner sans retenue dans la dithyrambe, le

1337 2675 1078 49 classement subjectif de valeurs et autres procédés fâcheusement sommaires.

1337 2707 1076 50 Eh bien je m’en moque, le veux dire ici que Lacy est l’un des très grands

1337 2738 1074 46 acteurs de la musique vivante, qu’il vit à Paris, qu’il faut donc l’entendre

1339 2767 1074 45 souvent, qu’on doit assister à tous ses concerts et qu’il est indispensable

1339 2792 831 53 de connaître tous ses disques. Car c’est une grande joie

2226 2816 191 50 Jean Delmas.

1331 2927 359 62 GEORGE COLEMAN

1331 3016 1092 51 George Coleman (ts), Georges Arvanitas (p), Jacky Samson (b), Charles

1335 3055 680 51 Saudrais (dm). Centre Américain, 19 novembre.

1333 3098 1090 51 Au cours d’une interview, dans notre numéro 303, Chris Woods s’indignait

1333 3133 1086 51 du fait que George Coleman - un fantastique musicien » n’ait aucun enre¬

1333 3164 1088 51 gistrement effectué sous son nom. Après une audition en direct, on ne

1333 3198 1088 48 peut qu’abonder dans ce sens: on se trouve devant un des ténors les

1333 3223 1086 53 plus efficaces de sa génération. La sonorité est belle, le jeu riche et

1339 3256 1082 59 solidement charpenté, l’inspiration constante et, fait encore plus important,

1339 1894 1059 67 A la Cour des Miracles, Lacy était seul sur l'estrade et sur l'estrade et la salle était pleine

144 3311 68 82 20
