<?xml version="1.0" encoding="UTF-8"?>
<alto xmlns:xsi="http://www.w3.org/2001/XMLSchema-instance"
      xmlns="http://www.loc.gov/standards/alto/ns-v4#"
      xsi:schemaLocation="http://www.loc.gov/standards/alto/ns-v4# http://www.loc.gov/standards/alto/v4/alto-4-2.xsd">
  <Description>
    <MeasurementUnit>pixel</MeasurementUnit>
    <sourceImageInformation>
      <fileName>JH_01_75.pdf_page_3.png</fileName>
      <fileIdentifier>pdf//JH_01_75.pdf</fileIdentifier>
    </sourceImageInformation>
  </Description>
  <Tags>
    <OtherTag ID="BT7" LABEL="CustomZone" DESCRIPTION="block type CustomZone"/><OtherTag ID="BT8" LABEL="DamageZone" DESCRIPTION="block type DamageZone"/><OtherTag ID="BT9" LABEL="DigitizationArtefactZone" DESCRIPTION="block type DigitizationArtefactZone"/><OtherTag ID="BT10" LABEL="DropCapitalZone" DESCRIPTION="block type DropCapitalZone"/><OtherTag ID="BT11" LABEL="GraphicZone" DESCRIPTION="block type GraphicZone"/><OtherTag ID="BT12" LABEL="MainZone" DESCRIPTION="block type MainZone"/><OtherTag ID="BT13" LABEL="MarginTextZone" DESCRIPTION="block type MarginTextZone"/><OtherTag ID="BT14" LABEL="MusicZone" DESCRIPTION="block type MusicZone"/><OtherTag ID="BT15" LABEL="NumberingZone" DESCRIPTION="block type NumberingZone"/><OtherTag ID="BT17" LABEL="QuireMarksZone" DESCRIPTION="block type QuireMarksZone"/><OtherTag ID="BT18" LABEL="RunningTitleZone" DESCRIPTION="block type RunningTitleZone"/><OtherTag ID="BT19" LABEL="SealZone" DESCRIPTION="block type SealZone"/><OtherTag ID="BT20" LABEL="StampZone" DESCRIPTION="block type StampZone"/><OtherTag ID="BT21" LABEL="TableZone" DESCRIPTION="block type TableZone"/><OtherTag ID="BT22" LABEL="TitlePageZone" DESCRIPTION="block type TitlePageZone"/><OtherTag ID="BT1046" LABEL="text" DESCRIPTION="block type text"/>
    <OtherTag ID="LT7" LABEL="CustomLine" DESCRIPTION="line type CustomLine"/><OtherTag ID="LT8" LABEL="DefaultLine" DESCRIPTION="line type DefaultLine"/><OtherTag ID="LT9" LABEL="DropCapitalLine" DESCRIPTION="line type DropCapitalLine"/><OtherTag ID="LT10" LABEL="HeadingLine" DESCRIPTION="line type HeadingLine"/><OtherTag ID="LT11" LABEL="InterlinearLine" DESCRIPTION="line type InterlinearLine"/><OtherTag ID="LT12" LABEL="MusicLine" DESCRIPTION="line type MusicLine"/><OtherTag ID="LT497" LABEL="default" DESCRIPTION="line type default"/>
  </Tags>
  <Layout>
    <Page WIDTH="2480"
          HEIGHT="3508"
          PHYSICAL_IMG_NR="44"
          ID="eSc_dummypage_">
      <PrintSpace HPOS="0"
                  VPOS="0"
                  WIDTH="2480"
                  HEIGHT="3508">
        <TextBlock HPOS="56"
                   VPOS="268"
                   WIDTH="1162"
                   HEIGHT="3035"
                   ID="eSc_textblock_f7cd3e91"
                   TAGREFS="BT12">
          <Shape><Polygon POINTS="56 284 56 3303 1218 3303 1212 268"/></Shape>
          <TextLine ID="eSc_line_4814d2b1"
                    TAGREFS="LT497"
                    BASELINE="113 315 1183 298" 
                    HPOS="111"
                    VPOS="266"
                    WIDTH="1072"
                    HEIGHT="71">
            <Shape><Polygon POINTS="113 337 715 323 717 323 735 323 1181 313 1183 298 1177 266 111 286 113 315"/></Shape>
	    <String CONTENT="• Le critique Hugues Panassié vient de mourir à Montauban à l’âge de"
                    HPOS="111"
                    VPOS="266"
                    WIDTH="1072"
                    HEIGHT="71"></String>
          </TextLine>
          <TextLine ID="eSc_line_338ef6e0"
                    TAGREFS="LT497"
                    BASELINE="109 343 347 341 911 330 1185 326" 
                    HPOS="105"
                    VPOS="295"
                    WIDTH="1079"
                    HEIGHT="64">
            <Shape><Polygon POINTS="1158 298 1011 298 982 301 836 301 807 304 134 312 116 295 105 295 108 359 371 359 400 356 488 356 634 356 634 359 1184 353 1184 324 1175 295 1158 298"/></Shape>
	    <String CONTENT="soixante-deux ans. Il fut un des premiers critiques de jazz avec Robert"
                    HPOS="105"
                    VPOS="295"
                    WIDTH="1079"
                    HEIGHT="64"></String>
          </TextLine>
          <TextLine ID="eSc_line_fabcb81e"
                    TAGREFS="LT497"
                    BASELINE="107 368 653 362" 
                    HPOS="105"
                    VPOS="337"
                    WIDTH="548"
                    HEIGHT="48">
            <Shape><Polygon POINTS="534 339 514 339 510 339 339 341 339 343 319 343 300 343 280 343 261 343 241 343 237 343 105 343 107 368 107 385 653 383 653 362 647 337 538 337 534 339"/></Shape>
	    <String CONTENT="Goffin (Aux frontières du Jazz — 1933)."
                    HPOS="105"
                    VPOS="337"
                    WIDTH="548"
                    HEIGHT="48"></String>
          </TextLine>
          <TextLine ID="eSc_line_d99650de"
                    TAGREFS="LT497"
                    BASELINE="111 405 1179 391" 
                    HPOS="105"
                    VPOS="353"
                    WIDTH="1073"
                    HEIGHT="70">
            <Shape><Polygon POINTS="108 403 108 423 1178 406 1178 388 1169 353 105 368 108 403"/></Shape>
	    <String CONTENT="Il publia de nombreux ouvrages parmi lesquels La veritable musique de Jazz"
                    HPOS="105"
                    VPOS="353"
                    WIDTH="1073"
                    HEIGHT="70"></String>
          </TextLine>
          <TextLine ID="eSc_line_b7b2b878"
                    TAGREFS="LT497"
                    BASELINE="111 430 953 422 1177 420" 
                    HPOS="105"
                    VPOS="391"
                    WIDTH="1070"
                    HEIGHT="59">
            <Shape><Polygon POINTS="1158 391 807 394 777 397 573 397 543 400 339 400 310 403 105 403 108 450 517 450 546 447 751 447 751 450 1172 450 1175 418 1166 391 1158 391"/></Shape>
	    <String CONTENT="1942), La musique de jazz et le swing (1943) et les plus intéressants :"
                    HPOS="105"
                    VPOS="391"
                    WIDTH="1070"
                    HEIGHT="59"></String>
          </TextLine>
          <TextLine ID="eSc_line_58413602"
                    TAGREFS="LT497"
                    BASELINE="105 459 770 452" 
                    HPOS="103"
                    VPOS="428"
                    WIDTH="667"
                    HEIGHT="51">
            <Shape><Polygon POINTS="317 430 298 430 278 430 259 430 239 430 220 430 200 430 181 430 161 430 142 430 122 430 120 428 103 428 105 459 105 479 768 473 770 452 764 428 323 428 317 430"/></Shape>
	    <String CONTENT="Douze années de jazz (1946). Le Jazz Hot (1934)"
                    HPOS="103"
                    VPOS="428"
                    WIDTH="667"
                    HEIGHT="51"></String>
          </TextLine>
          <TextLine ID="eSc_line_c671d7b8"
                    TAGREFS="LT497"
                    BASELINE="111 493 1177 481" 
                    HPOS="109"
                    VPOS="452"
                    WIDTH="1068"
                    HEIGHT="62">
            <Shape><Polygon POINTS="111 493 111 514 1175 498 1177 481 1171 452 109 467 111 493"/></Shape>
	    <String CONTENT="En 1946, avec l’apparition du be-bop, il rompit avec le créateur de la"
                    HPOS="109"
                    VPOS="452"
                    WIDTH="1068"
                    HEIGHT="62"
                    WC="0.9992064934381297"></String>
          </TextLine>
          <TextLine ID="eSc_line_c2adba08"
                    TAGREFS="LT497"
                    BASELINE="107 524 785 508 1179 510" 
                    HPOS="105"
                    VPOS="483"
                    WIDTH="1074"
                    HEIGHT="60">
            <Shape><Polygon POINTS="107 524 107 543 1179 528 1179 510 1175 483 105 498 107 524"/></Shape>
	    <String CONTENT="revue « Jazz Hot » Charles Delaunay, avec lequel il collaborait depuis une"
                    HPOS="105"
                    VPOS="483"
                    WIDTH="1074"
                    HEIGHT="60"></String>
          </TextLine>
          <TextLine ID="eSc_line_9798a9e1"
                    TAGREFS="LT497"
                    BASELINE="105 551 343 547" 
                    HPOS="103"
                    VPOS="524"
                    WIDTH="240"
                    HEIGHT="48">
            <Shape><Polygon POINTS="105 551 105 572 343 567 343 547 337 524 103 526 105 551"/></Shape>
	    <String CONTENT="dizaine d’années."
                    HPOS="103"
                    VPOS="524"
                    WIDTH="240"
                    HEIGHT="48"></String>
          </TextLine>
          <TextLine ID="eSc_line_63e06a38"
                    TAGREFS="LT497"
                    BASELINE="110 586 1183 571" 
                    HPOS="105"
                    VPOS="526"
                    WIDTH="1076"
                    HEIGHT="76">
            <Shape><Polygon POINTS="339 549 310 549 280 549 251 549 222 549 219 549 105 549 108 584 108 602 1181 584 1181 570 1172 526 339 543 339 549"/></Shape>
	    <String CONTENT="Il passa la fin de sa vie à Montauban, où Il consacrait son temps à rédiger"
                    HPOS="105"
                    VPOS="526"
                    WIDTH="1076"
                    HEIGHT="76"></String>
          </TextLine>
          <TextLine ID="eSc_line_b0ff54be"
                    TAGREFS="LT497"
                    BASELINE="113 611 1181 600" 
                    HPOS="111"
                    VPOS="578"
                    WIDTH="1070"
                    HEIGHT="51">
            <Shape><Polygon POINTS="113 611 113 629 1179 617 1181 600 1175 578 111 588 113 611"/></Shape>
	    <String CONTENT="le bulletin du Hot-Club de France, dévolu plus particulièrement à l’étude des"
                    HPOS="111"
                    VPOS="578"
                    WIDTH="1070"
                    HEIGHT="51"></String>
          </TextLine>
          <TextLine ID="eSc_line_eb456cdd"
                    TAGREFS="LT497"
                    BASELINE="105 641 1181 627" 
                    HPOS="103"
                    VPOS="606"
                    WIDTH="1078"
                    HEIGHT="52">
            <Shape><Polygon POINTS="105 641 105 658 1181 647 1181 627 1175 606 103 613 105 641"/></Shape>
	    <String CONTENT="tormes anciennes et classiques du jazz qu’il considérait comme seules"
                    HPOS="103"
                    VPOS="606"
                    WIDTH="1078"
                    HEIGHT="52"
                    WC="0.9937550212655749"></String>
          </TextLine>
          <TextLine ID="eSc_line_4a3db5c6"
                    TAGREFS="LT497"
                    BASELINE="105 666 220 670" 
                    HPOS="103"
                    VPOS="643"
                    WIDTH="117"
                    HEIGHT="50">
            <Shape><Polygon POINTS="105 666 103 689 216 693 220 670 218 645 105 643 105 666"/></Shape>
	    <String CONTENT="valables"
                    HPOS="103"
                    VPOS="643"
                    WIDTH="117"
                    HEIGHT="50"
                    WC="0.9975483492016792"></String>
          </TextLine>
          <TextLine ID="eSc_line_588eebf8"
                    TAGREFS="LT497"
                    BASELINE="113 711 1177 697" 
                    HPOS="111"
                    VPOS="672"
                    WIDTH="1066"
                    HEIGHT="60">
            <Shape><Polygon POINTS="113 711 113 732 1175 719 1177 697 1171 672 111 684 113 711"/></Shape>
	    <String CONTENT="• Le saxophoniste et clarinettiste Théodore Purnell vient de mourir âgé"
                    HPOS="111"
                    VPOS="672"
                    WIDTH="1066"
                    HEIGHT="60"></String>
          </TextLine>
          <TextLine ID="eSc_line_385bc6d5"
                    TAGREFS="LT497"
                    BASELINE="111 738 1179 724" 
                    HPOS="109"
                    VPOS="703"
                    WIDTH="1070"
                    HEIGHT="53">
            <Shape><Polygon POINTS="111 738 111 756 1177 744 1179 724 1173 703 109 713 111 738"/></Shape>
	    <String CONTENT="d environ 72 ans. Il Jouait en 1925 avec l’orchestre de David Jones au Lavida"
                    HPOS="109"
                    VPOS="703"
                    WIDTH="1070"
                    HEIGHT="53"></String>
          </TextLine>
          <TextLine ID="eSc_line_50057cc9"
                    TAGREFS="LT497"
                    BASELINE="107 765 1177 754" 
                    HPOS="105"
                    VPOS="732"
                    WIDTH="1072"
                    HEIGHT="53">
            <Shape><Polygon POINTS="107 765 107 785 1175 773 1177 754 1171 732 105 738 107 765"/></Shape>
	    <String CONTENT="Ball Room. En 1962, Il travailla sur les Riverboats avec l’orchestre de"
                    HPOS="105"
                    VPOS="732"
                    WIDTH="1072"
                    HEIGHT="53"></String>
          </TextLine>
          <TextLine ID="eSc_line_4012a259"
                    TAGREFS="LT497"
                    BASELINE="107 793 1183 781" 
                    HPOS="105"
                    VPOS="760"
                    WIDTH="1078"
                    HEIGHT="54">
            <Shape><Polygon POINTS="107 793 107 814 1181 799 1183 781 1177 760 105 767 107 793"/></Shape>
	    <String CONTENT="Sidney Desvigne. Il est surtout connu pour avoir participé à l’historique"
                    HPOS="105"
                    VPOS="760"
                    WIDTH="1078"
                    HEIGHT="54"
                    WC="0.9972608176867167"></String>
          </TextLine>
          <TextLine ID="eSc_line_4d9310ba"
                    TAGREFS="LT497"
                    BASELINE="109 820 1099 808" 
                    HPOS="107"
                    VPOS="785"
                    WIDTH="992"
                    HEIGHT="53">
            <Shape><Polygon POINTS="109 820 109 838 1097 830 1099 808 1093 785 107 795 109 820"/></Shape>
	    <String CONTENT="session Victor du Jones-Collins Astoria Eight en 1929 avec Lee Collins."
                    HPOS="107"
                    VPOS="785"
                    WIDTH="992"
                    HEIGHT="53"></String>
          </TextLine>
          <TextLine ID="eSc_line_83daf8a6"
                    TAGREFS="LT497"
                    BASELINE="107 849 1183 836" 
                    HPOS="105"
                    VPOS="814"
                    WIDTH="1078"
                    HEIGHT="51">
            <Shape><Polygon POINTS="107 849 107 865 1183 847 1183 836 1177 814 105 824 107 849"/></Shape>
	    <String CONTENT="Son frère Alton, actuellement en Europe, a dû interrompre sa tournée pour"
                    HPOS="105"
                    VPOS="814"
                    WIDTH="1078"
                    HEIGHT="51"
                    WC="0.9942698314001686"></String>
          </TextLine>
          <TextLine ID="eSc_line_3ded864e"
                    TAGREFS="LT497"
                    BASELINE="107 875 1181 865" 
                    HPOS="105"
                    VPOS="843"
                    WIDTH="1076"
                    HEIGHT="49">
            <Shape><Polygon POINTS="107 875 107 892 1181 882 1181 865 1175 843 105 851 107 875"/></Shape>
	    <String CONTENT="revue « Jazz-Hot ». Charles Delaunay, avec lequel il collaborait depuis une"
                    HPOS="105"
                    VPOS="843"
                    WIDTH="1076"
                    HEIGHT="49"></String>
          </TextLine>
          <TextLine ID="eSc_line_9857034e"
                    TAGREFS="LT497"
                    BASELINE="107 904 278 902" 
                    HPOS="105"
                    VPOS="880"
                    WIDTH="173"
                    HEIGHT="45">
            <Shape><Polygon POINTS="107 904 107 925 276 921 278 902 274 880 105 880 107 904"/></Shape>
	    <String CONTENT="mois d’avril."
                    HPOS="105"
                    VPOS="880"
                    WIDTH="173"
                    HEIGHT="45"
                    WC="0.9961404617016132"></String>
          </TextLine>
          <TextLine ID="eSc_line_0e6f731b"
                    TAGREFS="LT497"
                    BASELINE="103 958 284 953" 
                    HPOS="101"
                    VPOS="919"
                    WIDTH="183"
                    HEIGHT="55">
            <Shape><Polygon POINTS="103 958 103 974 282 974 284 953 280 925 124 919 122 919 120 919 101 927 103 958"/></Shape>
	    <String CONTENT="JAZZ NEWS"
                    HPOS="101"
                    VPOS="919"
                    WIDTH="183"
                    HEIGHT="55"></String>
          </TextLine>
          <TextLine ID="eSc_line_d671d431"
                    TAGREFS="LT497"
                    BASELINE="115 995 415 990 1175 985" 
                    HPOS="111"
                    VPOS="929"
                    WIDTH="1061"
                    HEIGHT="126">
            <Shape><Polygon POINTS="257 953 228 953 198 953 169 955 140 955 111 955 114 993 114 1037 134 1040 143 1040 172 1040 201 1040 204 1046 263 1055 266 1055 465 1037 497 1037 508 1037 570 1052 573 1052 658 1037 669 1037 672 1037 690 1052 693 1052 696 1052 698 1052 775 1037 807 1034 851 1037 944 1049 947 1049 1172 1037 1172 982 1163 935 848 944 824 941 763 929 760 929 660 944 628 947 590 944 424 932 421 932 260 944 257 953"/></Shape>
	    <String CONTENT="• Dizzy Gillespie a enregistré à Londres, sous la direction de Bill Russo,"
                    HPOS="111"
                    VPOS="929"
                    WIDTH="1061"
                    HEIGHT="126"></String>
          </TextLine>
          <TextLine ID="eSc_line_85003d02"
                    BASELINE="113 1021 1174 1010" 
                    HPOS="108"
                    VPOS="976"
                    WIDTH="1064"
                    HEIGHT="85">
            <Shape><Polygon POINTS="1161 985 1131 985 1102 985 1073 985 1044 985 1014 985 985 985 956 985 927 985 897 985 868 985 839 985 810 985 780 988 751 988 722 988 693 988 663 988 634 988 605 988 576 988 546 988 517 988 488 988 459 988 429 988 400 991 371 991 342 991 312 991 283 991 254 993 225 993 195 993 166 993 137 993 122 976 108 976 111 1020 111 1040 140 1040 169 1040 198 1040 204 1049 368 1061 371 1061 1169 1034 1172 1008 1166 985 1161 985"/></Shape>
	    <String CONTENT="la musique d&#x27;un dessin animé de long métrage, réalisé par John et Faith"
                    HPOS="108"
                    VPOS="976"
                    WIDTH="1064"
                    HEIGHT="85"></String>
          </TextLine>
          <TextLine ID="eSc_line_298bdd39"
                    TAGREFS="LT497"
                    BASELINE="105 1048 204 1046" 
                    HPOS="103"
                    VPOS="1025"
                    WIDTH="101"
                    HEIGHT="48">
            <Shape><Polygon POINTS="105 1048 105 1066 202 1073 204 1046 200 1025 103 1025 105 1048"/></Shape>
	    <String CONTENT="Hubley"
                    HPOS="103"
                    VPOS="1025"
                    WIDTH="101"
                    HEIGHT="48"
                    WC="0.9943025509516398"></String>
          </TextLine>
          <TextLine ID="eSc_line_9d955533"
                    TAGREFS="LT497"
                    BASELINE="113 1101 1177 1089" 
                    HPOS="108"
                    VPOS="1040"
                    WIDTH="1067"
                    HEIGHT="114">
            <Shape><Polygon POINTS="111 1099 111 1148 862 1154 865 1154 868 1154 924 1131 935 1128 1172 1128 1175 1087 1166 1040 108 1049 111 1099"/></Shape>
	    <String CONTENT="• Joe temperley, saxo baryton anglais, remplace Harry Carney au sein du"
                    HPOS="108"
                    VPOS="1040"
                    WIDTH="1067"
                    HEIGHT="114"></String>
          </TextLine>
          <TextLine ID="eSc_line_2f960c4b"
                    TAGREFS="LT497"
                    BASELINE="110 1131 910 1122" 
                    HPOS="105"
                    VPOS="1084"
                    WIDTH="804"
                    HEIGHT="70">
            <Shape><Polygon POINTS="894 1093 865 1093 836 1093 807 1093 777 1093 748 1093 719 1093 690 1093 660 1093 631 1096 602 1096 573 1096 543 1096 514 1096 485 1096 456 1096 426 1096 397 1096 368 1099 339 1099 310 1099 280 1099 251 1099 222 1099 193 1099 163 1099 134 1099 125 1084 105 1084 108 1128 108 1151 903 1154 909 1119 903 1093 894 1093"/></Shape>
	    <String CONTENT="« Duke Ellington Orchestra » dirigé par Mercer Ellington."
                    HPOS="105"
                    VPOS="1084"
                    WIDTH="804"
                    HEIGHT="70"></String>
          </TextLine>
          <TextLine ID="eSc_line_b03381df"
                    TAGREFS="LT497"
                    BASELINE="111 1184 1185 1171" 
                    HPOS="105"
                    VPOS="1134"
                    WIDTH="1079"
                    HEIGHT="105">
            <Shape><Polygon POINTS="108 1213 424 1210 438 1216 453 1227 459 1227 462 1230 470 1239 473 1239 476 1239 479 1239 1184 1221 1184 1169 1178 1134 105 1145 108 1183"/></Shape>
	    <String CONTENT="• Anthony Braxton, Mike et Randy Brecker, le groupe d&#x27;Herbie Hancock"
                    HPOS="105"
                    VPOS="1134"
                    WIDTH="1079"
                    HEIGHT="105"></String>
          </TextLine>
          <TextLine ID="eSc_line_e4c66ff9"
                    TAGREFS="LT497"
                    BASELINE="134 1209 1180 1199" 
                    HPOS="128"
                    VPOS="1172"
                    WIDTH="1050"
                    HEIGHT="61">
            <Shape><Polygon POINTS="1152 1172 889 1172 859 1175 508 1178 479 1181 128 1183 131 1230 453 1227 453 1230 1172 1233 1178 1198 1169 1172 1152 1172"/></Shape>
	    <String CONTENT="« The Headhunters » ont signé un contrat avec la nouvelle marque"
                    HPOS="128"
                    VPOS="1172"
                    WIDTH="1050"
                    HEIGHT="61"></String>
          </TextLine>
          <TextLine ID="eSc_line_f6543983"
                    TAGREFS="LT497"
                    BASELINE="107 1239 477 1233" 
                    HPOS="105"
                    VPOS="1210"
                    WIDTH="372"
                    HEIGHT="45">
            <Shape><Polygon POINTS="300 1210 280 1210 261 1210 241 1210 222 1210 202 1210 183 1210 163 1210 105 1210 107 1239 107 1255 477 1251 477 1233 473 1210 339 1210 319 1210"/></Shape>
	    <String CONTENT="« Arista » de Clive Davis."
                    HPOS="105"
                    VPOS="1210"
                    WIDTH="372"
                    HEIGHT="45"></String>
          </TextLine>
          <TextLine ID="eSc_line_7fdea80b"
                    TAGREFS="LT497"
                    BASELINE="115 1294 1176 1283" 
                    HPOS="111"
                    VPOS="1227"
                    WIDTH="1064"
                    HEIGHT="85">
            <Shape><Polygon POINTS="114 1292 114 1312 374 1309 377 1309 377 1309 1172 1300 1175 1280 1169 1242 973 1227 970 1227 900 1242 535 1233 532 1233 111 1251 114 1292"/></Shape>
	    <String CONTENT="• Maxime Sullivan a été, le 16 décembre, le a special guest » d’un concert"
                    HPOS="111"
                    VPOS="1227"
                    WIDTH="1064"
                    HEIGHT="85"></String>
          </TextLine>
          <TextLine ID="eSc_line_e8c5d954"
                    TAGREFS="LT497"
                    BASELINE="111 1319 1183 1307" 
                    HPOS="109"
                    VPOS="1286"
                    WIDTH="1074"
                    HEIGHT="48">
            <Shape><Polygon POINTS="1045 1290 1025 1290 1006 1290 986 1290 967 1290 947 1290 928 1290 908 1288 214 1292 206 1294 187 1294 167 1294 148 1294 128 1294 126 1292 109 1292 111 1319 111 1334 1183 1327 1183 1307 1177 1286 1054 1286 1045 1290"/></Shape>
	    <String CONTENT="de la sérir « Highlights in Jazz » au New York University&#x27;s Loeb Student"
                    HPOS="109"
                    VPOS="1286"
                    WIDTH="1074"
                    HEIGHT="48"></String>
          </TextLine>
          <TextLine ID="eSc_line_47aaa6c7"
                    TAGREFS="LT497"
                    BASELINE="109 1344 1179 1334" 
                    HPOS="107"
                    VPOS="1313"
                    WIDTH="1072"
                    HEIGHT="49">
            <Shape><Polygon POINTS="109 1344 109 1362 1177 1356 1179 1334 1173 1313 107 1319 109 1344"/></Shape>
	    <String CONTENT="Centre. Programme : la musique de Duke Ellington, Count Basie et Bennie"
                    HPOS="107"
                    VPOS="1313"
                    WIDTH="1072"
                    HEIGHT="49"
                    WC="0.994778937856916"></String>
          </TextLine>
          <TextLine ID="eSc_line_302aba88"
                    TAGREFS="LT497"
                    BASELINE="109 1372 569 1370 594 1370 1175 1364" 
                    HPOS="105"
                    VPOS="1335"
                    WIDTH="1067"
                    HEIGHT="56">
            <Shape><Polygon POINTS="1158 1335 1128 1335 1099 1335 1070 1335 1041 1335 1011 1335 982 1335 953 1335 924 1335 894 1335 865 1335 836 1335 807 1338 777 1338 748 1338 719 1338 690 1338 660 1338 631 1338 602 1338 573 1338 543 1338 514 1338 485 1338 456 1341 426 1341 397 1341 368 1341 339 1341 310 1341 280 1341 251 1341 222 1341 193 1341 163 1341 134 1341 105 1341 108 1371 108 1391 1169 1385 1172 1362 1163 1335 1158 1335"/></Shape>
	    <String CONTENT="Goodman. Parmi les musiciens Zoot Sims, Joe Newman, Hank Jones"
                    HPOS="105"
                    VPOS="1335"
                    WIDTH="1067"
                    HEIGHT="56"></String>
          </TextLine>
          <TextLine ID="eSc_line_d9b07a44"
                    TAGREFS="LT497"
                    BASELINE="107 1403 579 1397" 
                    HPOS="105"
                    VPOS="1372"
                    WIDTH="474"
                    HEIGHT="46">
            <Shape><Polygon POINTS="107 1403 107 1418 579 1414 579 1397 573 1372 105 1372 107 1403"/></Shape>
	    <String CONTENT="George Duvivier, Bucky Pizzarelli."
                    HPOS="105"
                    VPOS="1372"
                    WIDTH="474"
                    HEIGHT="46"></String>
          </TextLine>
          <TextLine ID="eSc_line_ace573a6"
                    TAGREFS="LT497"
                    BASELINE="113 1453 1187 1444" 
                    HPOS="111"
                    VPOS="1414"
                    WIDTH="1076"
                    HEIGHT="59">
            <Shape><Polygon POINTS="113 1453 113 1473 1185 1463 1187 1444 1183 1414 362 1414 360 1414 111 1426 113 1453"/></Shape>
	    <String CONTENT="• Réouverture du Five Spot, avec le quartet d’Elvin Jones. Au Bradley&#x27;s se"
                    HPOS="111"
                    VPOS="1414"
                    WIDTH="1076"
                    HEIGHT="59"></String>
          </TextLine>
          <TextLine ID="eSc_line_b385a96b"
                    TAGREFS="LT497"
                    BASELINE="107 1483 1181 1471" 
                    HPOS="105"
                    VPOS="1448"
                    WIDTH="1076"
                    HEIGHT="52">
            <Shape><Polygon POINTS="107 1483 107 1500 1181 1487 1181 1471 1175 1448 105 1457 107 1483"/></Shape>
	    <String CONTENT="produit, la semaine. Jimmy Rowles et le dimanche, Jaki Byard accompagné"
                    HPOS="105"
                    VPOS="1448"
                    WIDTH="1076"
                    HEIGHT="52"></String>
          </TextLine>
          <TextLine ID="eSc_line_cb6e6cf0"
                    TAGREFS="LT497"
                    BASELINE="111 1508 1187 1500" 
                    HPOS="109"
                    VPOS="1477"
                    WIDTH="1078"
                    HEIGHT="52">
            <Shape><Polygon POINTS="111 1508 111 1529 1187 1522 1187 1500 1181 1477 109 1485 111 1508"/></Shape>
	    <String CONTENT="par Major Holley. Comeback de Roswell Rudd (avec Sheila lordan) au"
                    HPOS="109"
                    VPOS="1477"
                    WIDTH="1078"
                    HEIGHT="52"
                    WC="0.9879703882968787"></String>
          </TextLine>
          <TextLine ID="eSc_line_1be9c2dd"
                    TAGREFS="LT497"
                    BASELINE="111 1535 417 1535" 
                    HPOS="111"
                    VPOS="1510"
                    WIDTH="306"
                    HEIGHT="49">
            <Shape><Polygon POINTS="111 1535 111 1557 415 1559 417 1535 415 1510 111 1510 111 1535"/></Shape>
	    <String CONTENT="«  St James lnfirmary »"
                    HPOS="111"
                    VPOS="1510"
                    WIDTH="306"
                    HEIGHT="49"></String>
          </TextLine>
          <TextLine ID="eSc_line_b61a1622"
                    TAGREFS="LT497"
                    BASELINE="118 1592 1185 1578" 
                    HPOS="116"
                    VPOS="1551"
                    WIDTH="1069"
                    HEIGHT="54">
            <Shape><Polygon POINTS="118 1592 118 1605 1185 1596 1185 1578 1181 1551 436 1551 434 1551 432 1551 430 1551 415 1561 411 1561 278 1553 276 1553 116 1564 118 1592"/></Shape>
	    <String CONTENT="• Concert le 19 décembre à Carnegie Hall consacré à la « Music of Quincy"
                    HPOS="116"
                    VPOS="1551"
                    WIDTH="1069"
                    HEIGHT="54"></String>
          </TextLine>
          <TextLine ID="eSc_line_b15a332d"
                    TAGREFS="LT497"
                    BASELINE="107 1617 1181 1607" 
                    HPOS="105"
                    VPOS="1586"
                    WIDTH="1076"
                    HEIGHT="49">
            <Shape><Polygon POINTS="107 1617 107 1635 1179 1631 1181 1607 1175 1586 105 1594 107 1617"/></Shape>
	    <String CONTENT="Jones », avec entre autres Ernie Royal, Jon Faddis, Jimmy Owens. Quentin"
                    HPOS="105"
                    VPOS="1586"
                    WIDTH="1076"
                    HEIGHT="49"></String>
          </TextLine>
          <TextLine ID="eSc_line_80a5fc6c"
                    TAGREFS="LT497"
                    BASELINE="105 1646 974 1639" 
                    HPOS="103"
                    VPOS="1615"
                    WIDTH="871"
                    HEIGHT="59">
            <Shape><Polygon POINTS="105 1646 105 1666 278 1674 280 1674 331 1664 356 1660 362 1664 372 1672 374 1672 376 1672 378 1674 485 1674 485 1672 487 1672 508 1662 512 1660 516 1662 532 1672 534 1672 536 1672 538 1672 618 1662 645 1658 668 1660 744 1670 746 1670 748 1670 750 1670 750 1668 760 1660 764 1656 855 1656 861 1658 873 1668 875 1668 877 1668 879 1668 881 1668 883 1668 894 1658 898 1656 970 1656 974 1639 968 1615 103 1619 105 1646"/></Shape>
	    <String CONTENT="Jackson. Frank Wess, Jimmy Heath. Billy Taylor, Grady Tate."
                    HPOS="103"
                    VPOS="1615"
                    WIDTH="871"
                    HEIGHT="59"></String>
          </TextLine>
          <TextLine ID="eSc_line_f892e817"
                    TAGREFS="LT497"
                    BASELINE="116 1701 1182 1692" 
                    HPOS="111"
                    VPOS="1654"
                    WIDTH="1070"
                    HEIGHT="111">
            <Shape><Polygon POINTS="114 1698 114 1759 225 1745 274 1756 318 1765 321 1765 391 1753 406 1751 438 1751 672 1762 675 1762 777 1745 813 1762 815 1762 818 1762 956 1736 988 1730 1178 1730 1181 1689 1172 1654 111 1654 114 1698"/></Shape>
	    <String CONTENT="On aperçoit (et on entend) l&#x27;orchestre de Count Basie dans « Blazing"
                    HPOS="111"
                    VPOS="1654"
                    WIDTH="1070"
                    HEIGHT="111"></String>
          </TextLine>
          <TextLine ID="eSc_line_bda5fcda"
                    TAGREFS="LT497"
                    BASELINE="110 1726 981 1717" 
                    HPOS="105"
                    VPOS="1683"
                    WIDTH="874"
                    HEIGHT="70">
            <Shape><Polygon POINTS="953 1692 924 1692 894 1692 865 1692 836 1692 807 1695 777 1695 748 1695 719 1695 690 1695 660 1695 631 1695 602 1695 573 1695 543 1695 514 1695 485 1695 456 1698 426 1698 397 1698 368 1698 339 1698 310 1698 280 1698 251 1698 222 1698 193 1698 163 1698 134 1698 125 1683 105 1683 108 1724 108 1753 976 1745 979 1715 973 1692 953 1692"/></Shape>
	    <String CONTENT="Saddles », le film de Mel Brooks qui vient de sortir à Paris."
                    HPOS="105"
                    VPOS="1683"
                    WIDTH="874"
                    HEIGHT="70"></String>
          </TextLine>
          <TextLine ID="eSc_line_c27d2730"
                    TAGREFS="LT497"
                    BASELINE="113 1779 1185 1769" 
                    HPOS="111"
                    VPOS="1738"
                    WIDTH="1074"
                    HEIGHT="58">
            <Shape><Polygon POINTS="113 1779 113 1796 1183 1791 1185 1769 1179 1738 111 1746 113 1779"/></Shape>
	    <String CONTENT="&quot;Fred Ramsey, co-auteur de « Jazzmen », réunit toutes les informations"
                    HPOS="111"
                    VPOS="1738"
                    WIDTH="1074"
                    HEIGHT="58"></String>
          </TextLine>
          <TextLine ID="eSc_line_637970a7"
                    TAGREFS="LT497"
                    BASELINE="109 1806 1183 1796" 
                    HPOS="107"
                    VPOS="1775"
                    WIDTH="1076"
                    HEIGHT="49">
            <Shape><Polygon POINTS="109 1806 109 1824 1181 1818 1183 1796 1177 1775 107 1781 109 1806"/></Shape>
	    <String CONTENT="connues ou inédites concernant le trompettiste légendaire de la Nouvelle¬"
                    HPOS="107"
                    VPOS="1775"
                    WIDTH="1076"
                    HEIGHT="49"
                    WC="0.9956495714187622"></String>
          </TextLine>
          <TextLine ID="eSc_line_38599484"
                    TAGREFS="LT497"
                    BASELINE="107 1833 1181 1826" 
                    HPOS="105"
                    VPOS="1804"
                    WIDTH="1076"
                    HEIGHT="49">
            <Shape><Polygon POINTS="107 1833 107 1853 1179 1845 1181 1826 1175 1804 105 1806 107 1833"/></Shape>
	    <String CONTENT="Orléans Buddy Bolden en vue de la publication d’un ouvrage sur ce dernier."
                    HPOS="105"
                    VPOS="1804"
                    WIDTH="1076"
                    HEIGHT="49"
                    WC="0.9929231961568197"></String>
          </TextLine>
          <TextLine ID="eSc_line_230719a0"
                    TAGREFS="LT497"
                    BASELINE="107 1861 1185 1853" 
                    HPOS="105"
                    VPOS="1831"
                    WIDTH="1080"
                    HEIGHT="47">
            <Shape><Polygon POINTS="107 1861 107 1878 1183 1868 1185 1853 1179 1831 105 1837 107 1861"/></Shape>
	    <String CONTENT="Quiconque aurait des informations à lui communiquer est invité à lui écrire"
                    HPOS="105"
                    VPOS="1831"
                    WIDTH="1080"
                    HEIGHT="47"
                    WC="0.9901534507546244"></String>
          </TextLine>
          <TextLine ID="eSc_line_6bb4ae57"
                    TAGREFS="LT497"
                    BASELINE="107 1890 259 1888" 
                    HPOS="105"
                    VPOS="1863"
                    WIDTH="154"
                    HEIGHT="46">
            <Shape><Polygon POINTS="107 1890 107 1909 259 1906 259 1888 253 1863 105 1867 107 1890"/></Shape>
	    <String CONTENT="au journal."
                    HPOS="105"
                    VPOS="1863"
                    WIDTH="154"
                    HEIGHT="46"
                    WC="0.998778375712308"></String>
          </TextLine>
          <TextLine ID="eSc_line_fe9bb5d1"
                    TAGREFS="LT497"
                    BASELINE="111 1943 1187 1937" 
                    HPOS="109"
                    VPOS="1900"
                    WIDTH="1078"
                    HEIGHT="58">
            <Shape><Polygon POINTS="111 1943 111 1958 1187 1956 1187 1937 1181 1900 1121 1909 873 1902 871 1902 824 1911 791 1902 789 1902 787 1902 785 1902 707 1911 666 1902 664 1902 662 1902 660 1902 658 1902 657 1902 621 1911 481 1904 479 1904 477 1904 475 1904 462 1913 109 1906 111 1943"/></Shape>
	    <String CONTENT="• Le saxophoniste ténor Bud Freeman a décidé de s’installer en Angleterre"
                    HPOS="109"
                    VPOS="1900"
                    WIDTH="1078"
                    HEIGHT="58"></String>
          </TextLine>
          <TextLine ID="eSc_line_1746e2f7"
                    TAGREFS="LT497"
                    BASELINE="105 1974 290 1974" 
                    HPOS="105"
                    VPOS="1946"
                    WIDTH="185"
                    HEIGHT="47">
            <Shape><Polygon POINTS="105 1974 105 1993 290 1991 290 1974 288 1946 105 1946 105 1974"/></Shape>
	    <String CONTENT="pour y vivre."
                    HPOS="105"
                    VPOS="1946"
                    WIDTH="185"
                    HEIGHT="47"
                    WC="0.9973050218362075"></String>
          </TextLine>
          <TextLine ID="eSc_line_5c3c31de"
                    TAGREFS="LT497"
                    BASELINE="116 2027 1186 2023" 
                    HPOS="111"
                    VPOS="1973"
                    WIDTH="1073"
                    HEIGHT="70">
            <Shape><Polygon POINTS="114 2043 1181 2040 1184 2022 1175 1973 111 1979 114 2025"/></Shape>
	    <String CONTENT="• Freddie King a donné un concert triomphal au Théâtre des Champs-Elysées."
                    HPOS="111"
                    VPOS="1973"
                    WIDTH="1073"
                    HEIGHT="70"></String>
          </TextLine>
          <TextLine ID="eSc_line_9e70afd8"
                    TAGREFS="LT497"
                    BASELINE="107 2052 744 2050 976 2049 1179 2049" 
                    HPOS="102"
                    VPOS="1979"
                    WIDTH="1076"
                    HEIGHT="96">
            <Shape><Polygon POINTS="105 2049 105 2075 131 2072 134 2072 163 2072 193 2072 222 2072 251 2072 280 2072 310 2072 339 2072 368 2072 397 2072 426 2072 456 2072 485 2072 514 2072 543 2072 573 2072 602 2072 631 2072 640 2072 1175 2069 1178 2046 1172 1979 102 1984 105 2049"/></Shape>
	    <String CONTENT="Sollicitant son répertoire traditionnel, ill a révélé par la meme occasion le"
                    HPOS="102"
                    VPOS="1979"
                    WIDTH="1076"
                    HEIGHT="96"></String>
          </TextLine>
          <TextLine ID="eSc_line_7779b1aa"
                    TAGREFS="LT497"
                    BASELINE="111 2081 729 2077" 
                    HPOS="109"
                    VPOS="2054"
                    WIDTH="620"
                    HEIGHT="52">
            <Shape><Polygon POINTS="111 2081 111 2102 725 2106 729 2077 723 2054 109 2056 111 2081"/></Shape>
	    <String CONTENT="meilleur orchestre qu’il ait dirigé à ce jour."
                    HPOS="109"
                    VPOS="2054"
                    WIDTH="620"
                    HEIGHT="52"></String>
          </TextLine>
          <TextLine ID="eSc_line_2cfa47fe"
                    TAGREFS="LT497"
                    BASELINE="122 2134 1187 2126" 
                    HPOS="120"
                    VPOS="2100"
                    WIDTH="1067"
                    HEIGHT="51">
            <Shape><Polygon POINTS="122 2134 122 2151 1185 2143 1187 2126 1181 2100 120 2102 122 2134"/></Shape>
	    <String CONTENT="• Après six années d’existence difficile (mais bien belle...) et la 4e (et"
                    HPOS="120"
                    VPOS="2100"
                    WIDTH="1067"
                    HEIGHT="51"></String>
          </TextLine>
          <TextLine ID="eSc_line_358a4059"
                    TAGREFS="LT497"
                    BASELINE="107 2159 1187 2151" 
                    HPOS="105"
                    VPOS="2130"
                    WIDTH="1082"
                    HEIGHT="54">
            <Shape><Polygon POINTS="651 2132 641 2132 387 2132 378 2134 358 2134 339 2134 319 2134 300 2134 280 2134 261 2134 241 2134 222 2134 202 2134 183 2134 163 2134 144 2134 124 2134 122 2132 105 2132 107 2159 107 2182 426 2173 528 2182 553 2184 555 2184 557 2184 565 2182 598 2173 633 2182 641 2184 643 2184 645 2184 658 2182 719 2171 857 2182 873 2182 875 2182 877 2182 879 2182 908 2171 939 2180 941 2180 943 2180 1013 2169 1054 2180 1056 2180 1058 2182 1185 2182 1187 2151 1181 2130 651 2130 651 2132"/></Shape>
	    <String CONTENT="dernière ?) explusion, l’action de l’Annecy Jazz Action semble aujourd’hui"
                    HPOS="105"
                    VPOS="2130"
                    WIDTH="1082"
                    HEIGHT="54"></String>
          </TextLine>
          <TextLine ID="eSc_line_6b828090"
                    TAGREFS="LT497"
                    BASELINE="107 2186 419 2184" 
                    HPOS="105"
                    VPOS="2161"
                    WIDTH="314"
                    HEIGHT="47">
            <Shape><Polygon POINTS="107 2186 107 2204 415 2208 419 2184 413 2161 105 2163 107 2186"/></Shape>
	    <String CONTENT="définitivement bloquée"
                    HPOS="105"
                    VPOS="2161"
                    WIDTH="314"
                    HEIGHT="47"
                    WC="0.9815790628393491"></String>
          </TextLine>
          <TextLine ID="eSc_line_22d26588"
                    TAGREFS="LT497"
                    BASELINE="144 2223 1189 2215" 
                    HPOS="140"
                    VPOS="2180"
                    WIDTH="1047"
                    HEIGHT="62">
            <Shape><Polygon POINTS="143 2221 143 2242 1184 2239 1187 2212 1178 2180 140 2186 143 2221"/></Shape>
	    <String CONTENT="« La Municipalité ayant aujourd’hui fait la preuve qu’elle ne souhaite"
                    HPOS="140"
                    VPOS="2180"
                    WIDTH="1047"
                    HEIGHT="62"></String>
          </TextLine>
          <TextLine ID="eSc_line_c2507a2e"
                    TAGREFS="LT497"
                    BASELINE="113 2250 1189 2247" 
                    HPOS="111"
                    VPOS="2221"
                    WIDTH="1078"
                    HEIGHT="45">
            <Shape><Polygon POINTS="113 2250 113 2266 1187 2264 1189 2247 1183 2221 111 2225 113 2250"/></Shape>
	    <String CONTENT="vraiment pas apporter une solution permanente aux problèmes de locaux"
                    HPOS="111"
                    VPOS="2221"
                    WIDTH="1078"
                    HEIGHT="45"
                    WC="0.9985899644238608"></String>
          </TextLine>
          <TextLine ID="eSc_line_3635584c"
                    TAGREFS="LT497"
                    BASELINE="111 2278 1187 2272" 
                    HPOS="109"
                    VPOS="2250"
                    WIDTH="1078"
                    HEIGHT="45">
            <Shape><Polygon POINTS="111 2278 111 2295 1185 2291 1187 2272 1181 2250 109 2250 111 2278"/></Shape>
	    <String CONTENT="de l’aJa (rappelons qu’elle détient non seulement le pouvoir financier de"
                    HPOS="109"
                    VPOS="2250"
                    WIDTH="1078"
                    HEIGHT="45"></String>
          </TextLine>
          <TextLine ID="eSc_line_949d9049"
                    TAGREFS="LT497"
                    BASELINE="109 2305 1185 2299" 
                    HPOS="107"
                    VPOS="2278"
                    WIDTH="1078"
                    HEIGHT="47">
            <Shape><Polygon POINTS="109 2305 109 2325 1183 2313 1185 2299 1179 2278 107 2278 109 2305"/></Shape>
	    <String CONTENT="l’argent des contribuables, mais aussi le pouvoir repressif avec les règle¬"
                    HPOS="107"
                    VPOS="2278"
                    WIDTH="1078"
                    HEIGHT="47"></String>
          </TextLine>
          <TextLine ID="eSc_line_a0484d9b"
                    TAGREFS="LT497"
                    BASELINE="111 2330 1183 2325" 
                    HPOS="109"
                    VPOS="2303"
                    WIDTH="1074"
                    HEIGHT="45">
            <Shape><Polygon POINTS="111 2330 111 2348 1181 2346 1183 2325 1177 2303 109 2307 111 2330"/></Shape>
	    <String CONTENT="ments de sécurité très « adaptables »), ni aucune solution minimum aux"
                    HPOS="109"
                    VPOS="2303"
                    WIDTH="1074"
                    HEIGHT="45"
                    WC="0.9946912355618934"></String>
          </TextLine>
          <TextLine ID="eSc_line_e1461543"
                    TAGREFS="LT497"
                    BASELINE="109 2358 1189 2354" 
                    HPOS="107"
                    VPOS="2332"
                    WIDTH="1082"
                    HEIGHT="45">
            <Shape><Polygon POINTS="109 2358 109 2377 1187 2377 1189 2354 1185 2332 107 2332 109 2358"/></Shape>
	    <String CONTENT="besoins culturels d’une partie, essentiellement jeune, de la population"
                    HPOS="107"
                    VPOS="2332"
                    WIDTH="1082"
                    HEIGHT="45"
                    WC="0.9906024479530227"></String>
          </TextLine>
          <TextLine ID="eSc_line_9ca62c18"
                    TAGREFS="LT497"
                    BASELINE="109 2385 1189 2381" 
                    HPOS="107"
                    VPOS="2360"
                    WIDTH="1082"
                    HEIGHT="41">
            <Shape><Polygon POINTS="109 2385 109 2401 1187 2395 1189 2381 1183 2360 107 2362 109 2385"/></Shape>
	    <String CONTENT="d’Annecy (notre rôle ayant été de les révéler concrètement et incontesta¬"
                    HPOS="107"
                    VPOS="2360"
                    WIDTH="1082"
                    HEIGHT="41"
                    WC="0.9862602594532545"></String>
          </TextLine>
          <TextLine ID="eSc_line_27b60319"
                    TAGREFS="LT497"
                    BASELINE="109 2412 1187 2408" 
                    HPOS="107"
                    VPOS="2385"
                    WIDTH="1080"
                    HEIGHT="45">
            <Shape><Polygon POINTS="109 2412 109 2430 1185 2426 1187 2408 1181 2385 107 2389 109 2412"/></Shape>
	    <String CONTENT="blement), l’aJa est en crise. Vu la situation géographique, même le plein air"
                    HPOS="107"
                    VPOS="2385"
                    WIDTH="1080"
                    HEIGHT="45"></String>
          </TextLine>
          <TextLine ID="eSc_line_bc390694"
                    TAGREFS="LT497"
                    BASELINE="109 2441 1189 2434" 
                    HPOS="107"
                    VPOS="2412"
                    WIDTH="1082"
                    HEIGHT="47">
            <Shape><Polygon POINTS="109 2441 109 2459 1187 2455 1189 2434 1183 2412 107 2416 109 2441"/></Shape>
	    <String CONTENT="est exclus... Crèvera, crèvera pas... On saura ça après l’assemblée générale"
                    HPOS="107"
                    VPOS="2412"
                    WIDTH="1082"
                    HEIGHT="47"></String>
          </TextLine>
          <TextLine ID="eSc_line_d2954730"
                    TAGREFS="LT497"
                    BASELINE="109 2469 259 2467" 
                    HPOS="107"
                    VPOS="2443"
                    WIDTH="152"
                    HEIGHT="47">
            <Shape><Polygon POINTS="109 2469 109 2486 255 2490 259 2467 255 2445 107 2443 109 2469"/></Shape>
	    <String CONTENT="en janvier. »"
                    HPOS="107"
                    VPOS="2443"
                    WIDTH="152"
                    HEIGHT="47"></String>
          </TextLine>
          <TextLine ID="eSc_line_daf87b65"
                    TAGREFS="LT497"
                    BASELINE="109 2504 1193 2498" 
                    HPOS="107"
                    VPOS="2469"
                    WIDTH="1086"
                    HEIGHT="50">
            <Shape><Polygon POINTS="109 2504 109 2519 1193 2516 1193 2498 1187 2469 107 2473 109 2504"/></Shape>
	    <String CONTENT="D&#x27;ores et déjà aussi, une grande soirée au Théâtre d’Annecy, vendredi"
                    HPOS="107"
                    VPOS="2469"
                    WIDTH="1086"
                    HEIGHT="50"
                    WC="0.9972176149084762"></String>
          </TextLine>
          <TextLine ID="eSc_line_daa5da74"
                    TAGREFS="LT497"
                    BASELINE="109 2531 438 2529" 
                    HPOS="107"
                    VPOS="2504"
                    WIDTH="331"
                    HEIGHT="52">
            <Shape><Polygon POINTS="109 2531 109 2556 436 2553 438 2529 434 2506 107 2504 109 2531"/></Shape>
	    <String CONTENT="17 et samedi 18 janvier"
                    HPOS="107"
                    VPOS="2504"
                    WIDTH="331"
                    HEIGHT="52"></String>
          </TextLine>
          <TextLine ID="eSc_line_02b8400c"
                    TAGREFS="LT497"
                    BASELINE="107 2568 754 2564" 
                    HPOS="105"
                    VPOS="2523"
                    WIDTH="649"
                    HEIGHT="67">
            <Shape><Polygon POINTS="107 2568 107 2588 750 2590 754 2564 748 2523 547 2541 105 2539 107 2568"/></Shape>
	    <String CONTENT="L&#x27;AJA, 10, chemin du Maquis, 74000 Annecy."
                    HPOS="105"
                    VPOS="2523"
                    WIDTH="649"
                    HEIGHT="67"></String>
          </TextLine>
          <TextLine ID="eSc_line_664c73e2"
                    TAGREFS="LT497"
                    BASELINE="118 2621 1185 2617" 
                    HPOS="116"
                    VPOS="2588"
                    WIDTH="1069"
                    HEIGHT="50">
            <Shape><Polygon POINTS="118 2621 118 2636 1181 2638 1185 2617 1179 2588 116 2592 118 2621"/></Shape>
	    <String CONTENT="• Janvier au Riverbop : Jacqueline Ferrari tente, dans son club de la rue"
                    HPOS="116"
                    VPOS="2588"
                    WIDTH="1069"
                    HEIGHT="50"></String>
          </TextLine>
          <TextLine ID="eSc_line_0f062894"
                    TAGREFS="LT497"
                    BASELINE="111 2646 1187 2644" 
                    HPOS="109"
                    VPOS="2621"
                    WIDTH="1078"
                    HEIGHT="43">
            <Shape><Polygon POINTS="111 2646 111 2664 1185 2664 1187 2644 1183 2623 109 2621 111 2646"/></Shape>
	    <String CONTENT="Saint-André-des-Arts, une expérience originale et qui ne doit pas échouer:"
                    HPOS="109"
                    VPOS="2621"
                    WIDTH="1078"
                    HEIGHT="43"
                    WC="0.9951217971838914"></String>
          </TextLine>
          <TextLine ID="eSc_line_004cad4c"
                    TAGREFS="LT497"
                    BASELINE="109 2675 1185 2671" 
                    HPOS="107"
                    VPOS="2650"
                    WIDTH="1078"
                    HEIGHT="43">
            <Shape><Polygon POINTS="109 2675 109 2693 1183 2693 1185 2671 1179 2650 107 2650 109 2675"/></Shape>
	    <String CONTENT="chaque semaine de janvier, du mardi au dimanche, sera présenté un groupe"
                    HPOS="107"
                    VPOS="2650"
                    WIDTH="1078"
                    HEIGHT="43"></String>
          </TextLine>
          <TextLine ID="eSc_line_62ea6ad5"
                    TAGREFS="LT497"
                    BASELINE="109 2703 1185 2699" 
                    HPOS="107"
                    VPOS="2675"
                    WIDTH="1078"
                    HEIGHT="45">
            <Shape><Polygon POINTS="109 2703 109 2716 1181 2720 1185 2699 1179 2675 107 2679 109 2703"/></Shape>
	    <String CONTENT="différent de musiciens français, sans vedette américaine, mais constitué"
                    HPOS="107"
                    VPOS="2675"
                    WIDTH="1078"
                    HEIGHT="45"
                    WC="0.9979878491476962"></String>
          </TextLine>
          <TextLine ID="eSc_line_af014607"
                    TAGREFS="LT497"
                    BASELINE="113 2730 1183 2726" 
                    HPOS="111"
                    VPOS="2705"
                    WIDTH="1072"
                    HEIGHT="42">
            <Shape><Polygon POINTS="113 2730 113 2744 1179 2747 1183 2726 1179 2705 111 2705 113 2730"/></Shape>
	    <String CONTENT="de jeunes artistes qu’il faut découvrir et suivre avec attention, avant de"
                    HPOS="111"
                    VPOS="2705"
                    WIDTH="1072"
                    HEIGHT="42"></String>
          </TextLine>
          <TextLine ID="eSc_line_f4e08553"
                    TAGREFS="LT497"
                    BASELINE="111 2755 1187 2755" 
                    HPOS="111"
                    VPOS="2732"
                    WIDTH="1076"
                    HEIGHT="45">
            <Shape><Polygon POINTS="111 2755 111 2777 1187 2777 1187 2755 1187 2734 111 2732 111 2755"/></Shape>
	    <String CONTENT="décider qu’il ne se passe rien à Paris et que le jazz se meurt... Du 7 au"
                    HPOS="111"
                    VPOS="2732"
                    WIDTH="1076"
                    HEIGHT="45"
                    WC="0.9818915367126465"></String>
          </TextLine>
          <TextLine ID="eSc_line_2aa0a356"
                    TAGREFS="LT497"
                    BASELINE="115 2783 148 2784 157 2784 1179 2783" 
                    HPOS="111"
                    VPOS="2756"
                    WIDTH="1067"
                    HEIGHT="47">
            <Shape><Polygon POINTS="1163 2756 1134 2756 1105 2756 1076 2756 1046 2756 1017 2756 988 2756 959 2756 930 2756 900 2756 871 2756 842 2756 813 2756 783 2756 754 2756 725 2756 696 2756 666 2756 637 2756 608 2756 579 2756 549 2756 520 2756 491 2756 462 2756 432 2756 403 2756 374 2756 345 2756 315 2756 286 2756 257 2756 228 2756 198 2756 169 2756 140 2756 111 2756 114 2780 114 2803 1175 2800 1178 2780 1172 2756 1163 2756"/></Shape>
	    <String CONTENT="12 Richard Roux (ts). Patrice Roux (g). John Faure (9). Alain Lecomte (b)"
                    HPOS="111"
                    VPOS="2756"
                    WIDTH="1067"
                    HEIGHT="47"></String>
          </TextLine>
          <TextLine ID="eSc_line_ed16f9bd"
                    TAGREFS="LT497"
                    BASELINE="113 2808 1185 2810" 
                    HPOS="111"
                    VPOS="2783"
                    WIDTH="1074"
                    HEIGHT="46">
            <Shape><Polygon POINTS="639 2784 620 2784 600 2784 581 2784 561 2784 542 2784 522 2784 503 2784 483 2784 464 2784 444 2784 425 2784 405 2784 386 2784 366 2784 347 2784 327 2784 308 2784 288 2784 269 2784 249 2784 230 2784 210 2784 191 2784 171 2784 169 2783 132 2783 132 2784 113 2783 113 2808 111 2829 1183 2829 1185 2810 1183 2786 647 2784 639 2784"/></Shape>
	    <String CONTENT="Jean-Lou Besson (dm). Alain Fischtre (perc); du 14 au 19 : René Mailhes (9)."
                    HPOS="111"
                    VPOS="2783"
                    WIDTH="1074"
                    HEIGHT="46"
                    WC="0.982054232776939"></String>
          </TextLine>
          <TextLine ID="eSc_line_3bb5dc17"
                    TAGREFS="LT497"
                    BASELINE="109 2837 1185 2835" 
                    HPOS="107"
                    VPOS="2814"
                    WIDTH="1078"
                    HEIGHT="43">
            <Shape><Polygon POINTS="109 2837 109 2855 1181 2857 1185 2835 1179 2814 107 2814 109 2837"/></Shape>
	    <String CONTENT="Alain Dersy (ts), lean-Claude Lubin (p), lean-François Catoire (b), Jean-Claude"
                    HPOS="107"
                    VPOS="2814"
                    WIDTH="1078"
                    HEIGHT="43"></String>
          </TextLine>
          <TextLine ID="eSc_line_1d7ac692"
                    TAGREFS="LT497"
                    BASELINE="111 2864 1185 2862" 
                    HPOS="109"
                    VPOS="2841"
                    WIDTH="1076"
                    HEIGHT="41">
            <Shape><Polygon POINTS="111 2864 111 2880 1181 2882 1185 2862 1181 2841 109 2841 111 2864"/></Shape>
	    <String CONTENT="Jouy (dm) ; du 21 au 26 : Michel Edelin (fl), Miichel Precastelli (p). Pierre-"
                    HPOS="109"
                    VPOS="2841"
                    WIDTH="1076"
                    HEIGHT="41"></String>
          </TextLine>
          <TextLine ID="eSc_line_509f409f"
                    TAGREFS="LT497"
                    BASELINE="109 2890 1187 2894" 
                    HPOS="107"
                    VPOS="2864"
                    WIDTH="1080"
                    HEIGHT="47">
            <Shape><Polygon POINTS="109 2890 107 2901 1183 2911 1187 2894 1183 2864 109 2864 109 2890"/></Shape>
	    <String CONTENT="Yves Saurin (b), Marcel Bel (dm); du 28/1 au 2/2 . Christian Escoudé (g)."
                    HPOS="107"
                    VPOS="2864"
                    WIDTH="1080"
                    HEIGHT="47"></String>
          </TextLine>
          <TextLine ID="eSc_line_e1b5787f"
                    TAGREFS="LT497"
                    BASELINE="109 2919 1074 2919" 
                    HPOS="109"
                    VPOS="2892"
                    WIDTH="965"
                    HEIGHT="54">
            <Shape><Polygon POINTS="109 2919 109 2938 1072 2946 1074 2919 1074 2896 109 2892 109 2919"/></Shape>
	    <String CONTENT="Patrice Caratint (b). Christian Lété (dm). Danièle Chadeleaud (vocal)."
                    HPOS="109"
                    VPOS="2892"
                    WIDTH="965"
                    HEIGHT="54"></String>
          </TextLine>
          <TextLine ID="eSc_line_f63534dd"
                    TAGREFS="LT497"
                    BASELINE="124 2974 1191 2972" 
                    HPOS="122"
                    VPOS="2935"
                    WIDTH="1069"
                    HEIGHT="58">
            <Shape><Polygon POINTS="124 2974 124 2993 1189 2991 1191 2972 1185 2942 818 2944 811 2944 772 2935 770 2935 768 2935 766 2935 754 2944 752 2944 742 2944 645 2935 643 2935 641 2935 602 2944 600 2944 596 2944 503 2935 501 2935 442 2944 430 2935 428 2935 426 2935 341 2935 339 2935 282 2944 271 2935 269 2935 267 2935 265 2935 122 2946 124 2974"/></Shape>
	    <String CONTENT="• Astor Piazzola et Gerry Mulligan, qui ont enregistré ensemble un album"
                    HPOS="122"
                    VPOS="2935"
                    WIDTH="1069"
                    HEIGHT="58"></String>
          </TextLine>
          <TextLine ID="eSc_line_19a65531"
                    TAGREFS="LT497"
                    BASELINE="111 3003 1189 2999" 
                    HPOS="109"
                    VPOS="2977"
                    WIDTH="1080"
                    HEIGHT="43">
            <Shape><Polygon POINTS="111 3003 111 3018 1185 3020 1189 2999 1185 2977 109 2977 111 3003"/></Shape>
	    <String CONTENT="en Italie dont Ils se déclarent fort satisfaits, se produiront ensemble pour"
                    HPOS="109"
                    VPOS="2977"
                    WIDTH="1080"
                    HEIGHT="43"></String>
          </TextLine>
          <TextLine ID="eSc_line_1b9d5fb8"
                    TAGREFS="LT497"
                    BASELINE="111 3030 760 3026" 
                    HPOS="109"
                    VPOS="3005"
                    WIDTH="651"
                    HEIGHT="45">
            <Shape><Polygon POINTS="111 3030 111 3048 756 3050 760 3026 754 3005 109 3005 111 3030"/></Shape>
	    <String CONTENT="la première fois en public au prochain Midem."
                    HPOS="109"
                    VPOS="3005"
                    WIDTH="651"
                    HEIGHT="45"></String>
          </TextLine>
          <TextLine ID="eSc_line_08af9650"
                    TAGREFS="LT497"
                    BASELINE="120 3085 1183 3082" 
                    HPOS="116"
                    VPOS="3040"
                    WIDTH="1065"
                    HEIGHT="67">
            <Shape><Polygon POINTS="119 3084 119 3107 146 3107 175 3107 204 3107 233 3107 263 3107 292 3107 321 3107 350 3107 380 3107 409 3107 438 3107 467 3107 497 3107 526 3107 555 3107 584 3107 614 3107 643 3107 672 3107 701 3107 731 3107 760 3107 789 3107 818 3107 848 3107 877 3107 906 3107 935 3107 965 3107 994 3107 1023 3107 1052 3107 1082 3107 1111 3107 1140 3107 1169 3107 1178 3107 1181 3081 1172 3040 116 3046 119 3084"/></Shape>
	    <String CONTENT="• Le quatrième Concours international de Composition de thèmes de jazz,"
                    HPOS="116"
                    VPOS="3040"
                    WIDTH="1065"
                    HEIGHT="67"></String>
          </TextLine>
          <TextLine ID="eSc_line_183d5eb5"
                    TAGREFS="LT497"
                    BASELINE="109 3112 1189 3112" 
                    HPOS="109"
                    VPOS="3088"
                    WIDTH="1080"
                    HEIGHT="47">
            <Shape><Polygon POINTS="1142 3092 1123 3090 1103 3088 109 3088 109 3112 109 3133 1187 3135 1189 3112 1189 3088 1152 3088 1142 3092"/></Shape>
	    <String CONTENT="placé sous le haut patronage de S.A.S. le prince Rainier III, est ouvert."
                    HPOS="109"
                    VPOS="3088"
                    WIDTH="1080"
                    HEIGHT="47"
                    WC="0.9950966980006244"></String>
          </TextLine>
          <TextLine ID="eSc_line_191cd39c"
                    TAGREFS="LT497"
                    BASELINE="107 3147 1187 3143" 
                    HPOS="105"
                    VPOS="3118"
                    WIDTH="1082"
                    HEIGHT="48">
            <Shape><Polygon POINTS="107 3147 107 3166 1185 3161 1187 3143 1183 3118 105 3118 107 3147"/></Shape>
	    <String CONTENT="Les compositeurs intéressés ont jusqu’au 30 avril 1975 pour envoyer leurs"
                    HPOS="105"
                    VPOS="3118"
                    WIDTH="1082"
                    HEIGHT="48"
                    WC="0.9896659382184346"></String>
          </TextLine>
          <TextLine ID="eSc_line_3e871767"
                    TAGREFS="LT497"
                    BASELINE="111 3174 1187 3170" 
                    HPOS="109"
                    VPOS="3149"
                    WIDTH="1078"
                    HEIGHT="47">
            <Shape><Polygon POINTS="111 3174 111 3196 1185 3192 1187 3170 1181 3149 109 3151 111 3174"/></Shape>
	    <String CONTENT="œuvres manuscrites, inédites et inconnues du public au secrétariat du"
                    HPOS="109"
                    VPOS="3149"
                    WIDTH="1078"
                    HEIGHT="47"></String>
          </TextLine>
          <TextLine ID="eSc_line_5a3b1a9a"
                    TAGREFS="LT497"
                    BASELINE="109 3200 1185 3200" 
                    HPOS="109"
                    VPOS="3178"
                    WIDTH="1076"
                    HEIGHT="43">
            <Shape><Polygon POINTS="109 3200 109 3219 1183 3221 1185 3200 1185 3178 109 3178 109 3200"/></Shape>
	    <String CONTENT="concours, Maison de Jeunes et de la Culture, 5, avenue du Président-Kennedy,"
                    HPOS="109"
                    VPOS="3178"
                    WIDTH="1076"
                    HEIGHT="43"></String>
          </TextLine>
          <TextLine ID="eSc_line_2974e0bb"
                    TAGREFS="LT497"
                    BASELINE="111 3229 1181 3227" 
                    HPOS="109"
                    VPOS="3205"
                    WIDTH="1072"
                    HEIGHT="43">
            <Shape><Polygon POINTS="111 3229 111 3248 1179 3248 1181 3227 1177 3205 109 3205 111 3229"/></Shape>
	    <String CONTENT="Monaco Principauté. Chaque thème ne devra pas dépasser cinq minutes et"
                    HPOS="109"
                    VPOS="3205"
                    WIDTH="1072"
                    HEIGHT="43"></String>
          </TextLine>
          <TextLine ID="eSc_line_3ecdf346"
                    TAGREFS="LT497"
                    BASELINE="109 3256 1189 3258" 
                    HPOS="107"
                    VPOS="3233"
                    WIDTH="1082"
                    HEIGHT="48">
            <Shape><Polygon POINTS="109 3256 107 3272 134 3281 146 3281 165 3281 185 3281 204 3281 224 3281 243 3281 263 3281 282 3281 302 3281 321 3281 341 3281 352 3281 1187 3274 1189 3258 1187 3233 109 3233 109 3256"/></Shape>
	    <String CONTENT="devra comporter un minimum de douze mesures. Tout concurrent a le droit"
                    HPOS="107"
                    VPOS="3233"
                    WIDTH="1082"
                    HEIGHT="48"
                    WC="0.9915943238097178"></String>
          </TextLine>
          <TextLine ID="eSc_line_dce294fa"
                    TAGREFS="LT497"
                    BASELINE="109 3283 485 3283" 
                    HPOS="109"
                    VPOS="3258"
                    WIDTH="376"
                    HEIGHT="59">
            <Shape><Polygon POINTS="109 3283 109 3311 483 3317 485 3283 485 3260 109 3258 109 3283"/></Shape>
	    <String CONTENT="de présenter deux thèmes."
                    HPOS="109"
                    VPOS="3258"
                    WIDTH="376"
                    HEIGHT="59"
                    WC="0.9967107949433504"></String>
          </TextLine>
        </TextBlock>
        <TextBlock HPOS="1262"
                   VPOS="268"
                   WIDTH="1156"
                   HEIGHT="2109"
                   ID="eSc_textblock_542fec28"
                   TAGREFS="BT12">
          <Shape><Polygon POINTS="1262 268 1290 2377 2407 2355 2418 268"/></Shape>
          <TextLine ID="eSc_line_6b8d3b98"
                    TAGREFS="LT497"
                    BASELINE="1296 297 2372 283" 
                    HPOS="1292"
                    VPOS="268"
                    WIDTH="1079"
                    HEIGHT="97">
            <Shape><Polygon POINTS="2345 268 2316 268 2286 268 2257 268 2228 268 2199 268 2170 268 2140 268 2111 268 2082 268 2053 268 2023 268 1994 268 1965 268 1936 268 1906 268 1877 268 1848 268 1819 268 1789 268 1760 268 1731 268 1702 268 1672 268 1643 268 1614 268 1585 268 1555 268 1526 268 1497 268 1468 268 1438 268 1409 268 1380 268 1351 268 1321 268 1292 268 1295 295 1295 365 1485 347 1637 359 1669 359 1672 359 1693 356 1801 339 2368 339 2371 280 2365 268 2345 268"/></Shape>
	    <String CONTENT="• Le pianiste Joe Albany s&#x27;est produit à Bologne le 16 novembre dernier au"
                    HPOS="1292"
                    VPOS="268"
                    WIDTH="1079"
                    HEIGHT="97"></String>
          </TextLine>
          <TextLine ID="eSc_line_a24548e3"
                    TAGREFS="LT497"
                    BASELINE="1291 328 2372 311" 
                    HPOS="1286"
                    VPOS="283"
                    WIDTH="1085"
                    HEIGHT="85">
            <Shape><Polygon POINTS="2339 283 1959 286 1930 289 1725 289 1696 292 1520 292 1491 295 1316 295 1307 286 1286 286 1289 368 1424 368 1424 365 1433 365 1488 344 1544 359 2017 336 2368 344 2371 309 2363 283 2339 283"/></Shape>
	    <String CONTENT="cours du festival Newport in Europe, dans la soirée « A Tribute to Charlie"
                    HPOS="1286"
                    VPOS="283"
                    WIDTH="1085"
                    HEIGHT="85"></String>
          </TextLine>
          <TextLine ID="eSc_line_e1255c20"
                    TAGREFS="LT497"
                    BASELINE="1290 350 1405 353" 
                    HPOS="1286"
                    VPOS="327"
                    WIDTH="117"
                    HEIGHT="61">
            <Shape><Polygon POINTS="1377 327 1348 327 1318 327 1289 327 1289 347 1286 377 1354 388 1356 388 1359 388 1400 371 1403 350 1403 327 1377 327"/></Shape>
	    <String CONTENT="Parker »"
                    HPOS="1286"
                    VPOS="327"
                    WIDTH="117"
                    HEIGHT="61"></String>
          </TextLine>
          <TextLine ID="eSc_line_36730065"
                    TAGREFS="LT497"
                    BASELINE="1298 405 2372 393" 
                    HPOS="1296"
                    VPOS="360"
                    WIDTH="1076"
                    HEIGHT="60">
            <Shape><Polygon POINTS="1298 405 1298 420 2370 413 2372 393 2366 360 1296 374 1298 405"/></Shape>
	    <String CONTENT="• Le 19 décembre dernier a eu lieu au Wigmore Hall de Londres un concert"
                    HPOS="1296"
                    VPOS="360"
                    WIDTH="1076"
                    HEIGHT="60"
                    WC="0.9883306291368272"></String>
          </TextLine>
          <TextLine ID="eSc_line_30fe7d2b"
                    TAGREFS="LT497"
                    BASELINE="1298 432 2363 419" 
                    HPOS="1296"
                    VPOS="395"
                    WIDTH="1067"
                    HEIGHT="55">
            <Shape><Polygon POINTS="1298 432 1298 450 2361 440 2363 419 2357 395 1296 407 1298 432"/></Shape>
	    <String CONTENT="de musique improvisé enregistré par Emanem et qui réunissait Steve Lacy"
                    HPOS="1296"
                    VPOS="395"
                    WIDTH="1067"
                    HEIGHT="55"
                    WC="0.9858733786118997"></String>
          </TextLine>
          <TextLine ID="eSc_line_e98b82ac"
                    TAGREFS="LT497"
                    BASELINE="1290 459 2370 446" 
                    HPOS="1288"
                    VPOS="422"
                    WIDTH="1082"
                    HEIGHT="51">
            <Shape><Polygon POINTS="1290 459 1290 473 2370 465 2370 446 2364 422 1288 434 1290 459"/></Shape>
	    <String CONTENT="Evan Parker, Steve Potts, Trevor Watts, Derek Bailey et Michel Waisvisz"
                    HPOS="1288"
                    VPOS="422"
                    WIDTH="1082"
                    HEIGHT="51"
                    WC="0.9885327899959725"></String>
          </TextLine>
          <TextLine ID="eSc_line_87cb5309"
                    TAGREFS="LT497"
                    BASELINE="1292 489 2368 475" 
                    HPOS="1290"
                    VPOS="452"
                    WIDTH="1078"
                    HEIGHT="56">
            <Shape><Polygon POINTS="1292 489 1292 508 2366 495 2368 475 2363 452 1290 459 1292 489"/></Shape>
	    <String CONTENT="(au synthétiseur). Lacy et Derek Bailey ont d’ailleurs déjà enregistré ensemble"
                    HPOS="1290"
                    VPOS="452"
                    WIDTH="1078"
                    HEIGHT="56"
                    WC="0.9848176370184105"></String>
          </TextLine>
          <TextLine ID="eSc_line_c2829321"
                    TAGREFS="LT497"
                    BASELINE="1290 516 2368 502" 
                    HPOS="1288"
                    VPOS="481"
                    WIDTH="1080"
                    HEIGHT="58">
            <Shape><Polygon POINTS="1290 516 1290 539 2368 522 2368 502 2363 481 1288 489 1290 516"/></Shape>
	    <String CONTENT="pour cette même marque en juillet 1973 un album qui sortira début 1975,"
                    HPOS="1288"
                    VPOS="481"
                    WIDTH="1080"
                    HEIGHT="58"
                    WC="0.9909698203818439"></String>
          </TextLine>
          <TextLine ID="eSc_line_a5bdee46"
                    TAGREFS="LT497"
                    BASELINE="1283 568 2369 559" 
                    HPOS="1278"
                    VPOS="508"
                    WIDTH="1090"
                    HEIGHT="114">
            <Shape><Polygon POINTS="1280 622 2070 622 2070 619 2073 619 2111 602 2120 596 2365 596 2368 558 2360 508 1278 523 1280 567"/></Shape>
	    <String CONTENT="• Sam Woodyard, Milt Buckner et Gérard Badini doivent se produire en-"
                    HPOS="1278"
                    VPOS="508"
                    WIDTH="1090"
                    HEIGHT="114"></String>
          </TextLine>
          <TextLine ID="eSc_line_4eb01237"
                    TAGREFS="LT497"
                    BASELINE="1296 597 2069 590" 
                    HPOS="1292"
                    VPOS="561"
                    WIDTH="775"
                    HEIGHT="67">
            <Shape><Polygon POINTS="2023 561 1994 564 1965 564 1936 564 1906 564 1877 564 1848 564 1819 564 1789 564 1760 564 1731 564 1702 564 1672 564 1643 564 1614 567 1585 567 1555 567 1526 567 1497 567 1468 567 1438 567 1409 567 1380 567 1351 567 1321 567 1292 567 1295 596 1295 628 2064 619 2067 587 2058 561 2053 561"/></Shape>
	    <String CONTENT="semble au début de l&#x27;année au Caveau de la Huchette."
                    HPOS="1292"
                    VPOS="561"
                    WIDTH="775"
                    HEIGHT="67"></String>
          </TextLine>
          <TextLine ID="eSc_line_f1dbf7c1"
                    TAGREFS="LT497"
                    BASELINE="1300 648 2372 641" 
                    HPOS="1298"
                    VPOS="604"
                    WIDTH="1074"
                    HEIGHT="62">
            <Shape><Polygon POINTS="1300 648 1300 666 2370 658 2372 641 2368 615 2318 604 2316 604 2314 604 2312 604 2312 606 2302 615 2218 615 2197 604 2195 604 2193 604 2103 615 2097 615 2092 615 1978 606 1976 606 1975 606 1951 615 1949 615 1848 608 1846 608 1844 608 1824 617 1821 619 1298 619 1300 648"/></Shape>
	    <String CONTENT="Don Cherry, qui a récemment travaillé au Centre Beaubourg en compagnie"
                    HPOS="1298"
                    VPOS="604"
                    WIDTH="1074"
                    HEIGHT="62"
                    WC="0.9811169662409358"></String>
          </TextLine>
          <TextLine ID="eSc_line_9e3baabc"
                    TAGREFS="LT497"
                    BASELINE="1296 678 2325 666 2341 666 2366 666" 
                    HPOS="1292"
                    VPOS="628"
                    WIDTH="1073"
                    HEIGHT="67">
            <Shape><Polygon POINTS="2345 643 1321 646 1310 628 1292 628 1295 695 1646 695 1675 692 2363 684 2365 663 2360 643 2345 643"/></Shape>
	    <String CONTENT="de Nana Vasconcellos à un programme de sensibilisation des enfants à la"
                    HPOS="1292"
                    VPOS="628"
                    WIDTH="1073"
                    HEIGHT="67"></String>
          </TextLine>
          <TextLine ID="eSc_line_62972791"
                    TAGREFS="LT497"
                    BASELINE="1292 703 2372 695" 
                    HPOS="1290"
                    VPOS="670"
                    WIDTH="1082"
                    HEIGHT="47">
            <Shape><Polygon POINTS="1622 676 1602 676 1583 676 1563 676 1557 676 1479 676 1466 678 1446 678 1427 678 1407 678 1388 678 1368 678 1349 678 1329 678 1310 678 1308 676 1290 676 1292 703 1292 717 2372 707 2372 695 2366 670 1626 674 1622 676"/></Shape>
	    <String CONTENT="créativité artistique, doit retrouver l’organiste et saxophoniste Terry Riley"
                    HPOS="1290"
                    VPOS="670"
                    WIDTH="1082"
                    HEIGHT="47"></String>
          </TextLine>
          <TextLine ID="eSc_line_19898377"
                    TAGREFS="LT497"
                    BASELINE="1296 730 2368 719" 
                    HPOS="1294"
                    VPOS="697"
                    WIDTH="1074"
                    HEIGHT="55">
            <Shape><Polygon POINTS="1296 730 1296 752 2366 740 2368 719 2363 697 1294 707 1296 730"/></Shape>
	    <String CONTENT="à Cologne fin février. Les deux musiciens prévoient d’y travailler ensemble"
                    HPOS="1294"
                    VPOS="697"
                    WIDTH="1074"
                    HEIGHT="55"
                    WC="0.99449984003336"></String>
          </TextLine>
          <TextLine ID="eSc_line_4def3bbf"
                    TAGREFS="LT497"
                    BASELINE="1294 758 2370 748" 
                    HPOS="1292"
                    VPOS="726"
                    WIDTH="1078"
                    HEIGHT="51">
            <Shape><Polygon POINTS="1294 758 1294 777 2368 769 2370 748 2364 726 1292 734 1294 758"/></Shape>
	    <String CONTENT="une semaine et de donner un concert exceptionnel le 23 février dans la"
                    HPOS="1292"
                    VPOS="726"
                    WIDTH="1078"
                    HEIGHT="51"
                    WC="0.9975152603337463"></String>
          </TextLine>
          <TextLine ID="eSc_line_ade966d7"
                    TAGREFS="LT497"
                    BASELINE="1292 789 2008 779" 
                    HPOS="1290"
                    VPOS="756"
                    WIDTH="718"
                    HEIGHT="56">
            <Shape><Polygon POINTS="1292 789 1292 812 2008 802 2008 779 2002 756 1290 763 1292 789"/></Shape>
	    <String CONTENT="grande Sendesaal de la Westdeutschen Rundfunks."
                    HPOS="1290"
                    VPOS="756"
                    WIDTH="718"
                    HEIGHT="56"
                    WC="0.9960773257499046"></String>
          </TextLine>
          <TextLine ID="eSc_line_1775ab43"
                    TAGREFS="LT497"
                    BASELINE="1304 841 2370 830" 
                    HPOS="1302"
                    VPOS="800"
                    WIDTH="1068"
                    HEIGHT="57">
            <Shape><Polygon POINTS="1304 841 1304 857 2368 843 2370 830 2364 800 1302 810 1304 841"/></Shape>
	    <String CONTENT="• Le Centre Culturel de la Région Dunkerquoise organise son 6e Festival"
                    HPOS="1302"
                    VPOS="800"
                    WIDTH="1068"
                    HEIGHT="57"></String>
          </TextLine>
          <TextLine ID="eSc_line_a4c1dd9f"
                    TAGREFS="LT497"
                    BASELINE="1292 867 2368 857" 
                    HPOS="1290"
                    VPOS="834"
                    WIDTH="1078"
                    HEIGHT="52">
            <Shape><Polygon POINTS="1292 867 1292 886 2366 875 2368 857 2363 834 1290 841 1292 867"/></Shape>
	    <String CONTENT="International de Jazz du 30 avril au 3 mai 1975. Renseignements et inscrip¬"
                    HPOS="1290"
                    VPOS="834"
                    WIDTH="1078"
                    HEIGHT="52"></String>
          </TextLine>
          <TextLine ID="eSc_line_228b572e"
                    TAGREFS="LT497"
                    BASELINE="1292 896 2370 884" 
                    HPOS="1290"
                    VPOS="861"
                    WIDTH="1080"
                    HEIGHT="51">
            <Shape><Polygon POINTS="1292 896 1292 912 2189 912 2189 910 2212 910 2331 900 2364 908 2370 884 2364 861 1290 871 1292 896"/></Shape>
	    <String CONTENT="tions pour le concours d’orchestres amateurs: 6e Festival International de"
                    HPOS="1290"
                    VPOS="861"
                    WIDTH="1080"
                    HEIGHT="51"
                    WC="0.9904705302135365"></String>
          </TextLine>
          <TextLine ID="eSc_line_dd87312e"
                    TAGREFS="LT497"
                    BASELINE="1292 925 1760 919" 
                    HPOS="1290"
                    VPOS="896"
                    WIDTH="470"
                    HEIGHT="53">
            <Shape><Polygon POINTS="1292 925 1292 949 1368 939 1390 949 1392 949 1394 949 1395 949 1413 947 1511 937 1538 945 1542 947 1544 947 1546 947 1555 945 1604 935 1758 941 1760 919 1754 896 1290 896 1292 925"/></Shape>
	    <String CONTENT="Jazz, B.P. 1012, 59140 Dunkerque"
                    HPOS="1290"
                    VPOS="896"
                    WIDTH="470"
                    HEIGHT="53"></String>
          </TextLine>
          <TextLine ID="eSc_line_df936d87"
                    TAGREFS="LT497"
                    BASELINE="1296 976 2372 964" 
                    HPOS="1294"
                    VPOS="925"
                    WIDTH="1078"
                    HEIGHT="68">
            <Shape><Polygon POINTS="1296 976 1296 993 2372 978 2372 964 2368 933 2246 925 2244 925 2242 925 2224 935 2216 939 2131 939 2113 937 2064 927 2062 927 2017 939 2002 943 1867 943 1865 941 1834 929 1832 929 1830 929 1670 945 1649 947 1555 947 1548 947 1530 935 1528 935 1526 935 1524 935 1466 947 1464 947 1460 947 1329 937 1327 937 1325 937 1294 949 1296 976"/></Shape>
	    <String CONTENT="• Le New Jazz Meeting de Baden-Baden 1974 de la Südwestfunk s&#x27;est dé¬"
                    HPOS="1294"
                    VPOS="925"
                    WIDTH="1078"
                    HEIGHT="68"></String>
          </TextLine>
          <TextLine ID="eSc_line_85bedd82"
                    TAGREFS="LT497"
                    BASELINE="1296 1005 1448 1003 1548 1001 2370 993" 
                    HPOS="1292"
                    VPOS="964"
                    WIDTH="1076"
                    HEIGHT="59">
            <Shape><Polygon POINTS="2345 964 2316 964 2286 964 2257 964 2228 964 2199 964 2170 964 2140 964 2111 964 2082 967 2053 967 2023 967 1994 967 1965 967 1936 967 1906 967 1877 967 1848 967 1819 970 1789 970 1760 970 1731 970 1702 970 1672 970 1643 970 1614 970 1585 970 1555 973 1526 973 1497 973 1468 973 1438 973 1409 973 1380 973 1351 973 1321 973 1292 973 1295 1002 1295 1023 2365 1014 2368 991 2363 964 2345 964"/></Shape>
	    <String CONTENT="roulé du décembre. Il rassemblait entre autres Hannibal (Marvin"
                    HPOS="1292"
                    VPOS="964"
                    WIDTH="1076"
                    HEIGHT="59"></String>
          </TextLine>
          <TextLine ID="eSc_line_08115ece"
                    TAGREFS="LT497"
                    BASELINE="1294 1030 2370 1021" 
                    HPOS="1292"
                    VPOS="999"
                    WIDTH="1078"
                    HEIGHT="51">
            <Shape><Polygon POINTS="1294 1030 1294 1050 2368 1042 2370 1021 2364 999 1292 1005 1294 1030"/></Shape>
	    <String CONTENT="Petersen), Manfred Schoof, Knut Riisnaes (ts), Eje Thelin, Sigfried Kessler,"
                    HPOS="1292"
                    VPOS="999"
                    WIDTH="1078"
                    HEIGHT="51"
                    WC="0.9947710515637147"></String>
          </TextLine>
          <TextLine ID="eSc_line_7cfd1bb0"
                    TAGREFS="LT497"
                    BASELINE="1292 1058 1939 1054" 
                    HPOS="1290"
                    VPOS="1032"
                    WIDTH="649"
                    HEIGHT="53">
            <Shape><Polygon POINTS="1292 1058 1292 1085 1434 1073 1462 1083 1464 1083 1466 1083 1629 1081 1631 1081 1633 1081 1633 1079 1643 1071 1936 1081 1939 1054 1934 1032 1290 1032 1292 1058"/></Shape>
	    <String CONTENT="Kasper Winding (dm) et Bernt Rosengren (ts)."
                    HPOS="1290"
                    VPOS="1032"
                    WIDTH="649"
                    HEIGHT="53"
                    WC="0.9762733429670334"></String>
          </TextLine>
          <TextLine ID="eSc_line_3585457f"
                    TAGREFS="LT497"
                    BASELINE="1294 1140 1996 1134 2365 1134" 
                    HPOS="1289"
                    VPOS="1093"
                    WIDTH="1074"
                    HEIGHT="67">
            <Shape><Polygon POINTS="2342 1102 2313 1102 2254 1116 2020 1119 1962 1105 1318 1107 1310 1093 1289 1093 1292 1160 1877 1157 1936 1157 1936 1160 2360 1160 2363 1131 2360 1102 2342 1102"/></Shape>
	    <String CONTENT="Club Saint-Germain en compagnie de René Urtréger, Alby Cullaz, et Donny"
                    HPOS="1289"
                    VPOS="1093"
                    WIDTH="1074"
                    HEIGHT="67"></String>
          </TextLine>
          <TextLine ID="eSc_line_ceb1cd74"
                    TAGREFS="LT497"
                    BASELINE="1319 1117 2374 1101" 
                    HPOS="1316"
                    VPOS="1064"
                    WIDTH="1055"
                    HEIGHT="64">
            <Shape><Polygon POINTS="1318 1116 1318 1128 2371 1116 2371 1099 2363 1064 1316 1078 1318 1116"/></Shape>
	    <String CONTENT="•Johnny Griffin, en pleine forme, s’est produit fin décembre au Bilboquet"
                    HPOS="1316"
                    VPOS="1064"
                    WIDTH="1055"
                    HEIGHT="64"></String>
          </TextLine>
          <TextLine ID="eSc_line_ac3c9ce0"
                    TAGREFS="LT497"
                    BASELINE="1292 1167 1951 1161" 
                    HPOS="1290"
                    VPOS="1140"
                    WIDTH="661"
                    HEIGHT="50">
            <Shape><Polygon POINTS="1505 1140 1485 1140 1466 1140 1446 1140 1427 1140 1407 1140 1388 1140 1368 1140 1349 1140 1329 1140 1310 1140 1290 1140 1292 1167 1292 1190 1949 1181 1951 1161 1947 1140 1524 1140 1505 1140"/></Shape>
	    <String CONTENT="Donable parfois remplacé par Oliver Johnson."
                    HPOS="1290"
                    VPOS="1140"
                    WIDTH="661"
                    HEIGHT="50"></String>
          </TextLine>
          <TextLine ID="eSc_line_5d31b840"
                    TAGREFS="LT497"
                    BASELINE="1300 1221 2374 1210" 
                    HPOS="1298"
                    VPOS="1177"
                    WIDTH="1076"
                    HEIGHT="60">
            <Shape><Polygon POINTS="1300 1221 1300 1237 2372 1225 2374 1210 2368 1177 1298 1188 1300 1221"/></Shape>
	    <String CONTENT="•ECM Records annonce les tournées européennes prochaines des groupes"
                    HPOS="1298"
                    VPOS="1177"
                    WIDTH="1076"
                    HEIGHT="60"></String>
          </TextLine>
          <TextLine ID="eSc_line_05741c2b"
                    TAGREFS="LT497"
                    BASELINE="1294 1249 2372 1239" 
                    HPOS="1292"
                    VPOS="1218"
                    WIDTH="1080"
                    HEIGHT="48">
            <Shape><Polygon POINTS="1294 1249 1294 1266 2370 1258 2372 1239 2366 1218 1292 1221 1294 1249"/></Shape>
	    <String CONTENT="suivants: mars : John Abercrombie DaveHolland/Jack de Johnette. Terje"
                    HPOS="1292"
                    VPOS="1218"
                    WIDTH="1080"
                    HEIGHT="48"></String>
          </TextLine>
          <TextLine ID="eSc_line_398a2a2d"
                    TAGREFS="LT497"
                    BASELINE="1292 1278 2374 1268" 
                    HPOS="1290"
                    VPOS="1245"
                    WIDTH="1084"
                    HEIGHT="51">
            <Shape><Polygon POINTS="1292 1278 1292 1296 2374 1288 2374 1268 2368 1245 1290 1251 1292 1278"/></Shape>
	    <String CONTENT="Rypdal Group, John Surman-Barre Phillips Duo; avril : Enrico Rava Group;"
                    HPOS="1290"
                    VPOS="1245"
                    WIDTH="1084"
                    HEIGHT="51"
                    WC="0.9908028253250651"></String>
          </TextLine>
          <TextLine ID="eSc_line_007c8f0c"
                    TAGREFS="LT497"
                    BASELINE="1294 1303 1898 1299" 
                    HPOS="1292"
                    VPOS="1274"
                    WIDTH="606"
                    HEIGHT="51">
            <Shape><Polygon POINTS="1877 1274 1858 1274 1838 1274 1819 1274 1799 1274 1780 1274 1772 1274 1733 1274 1721 1276 1702 1276 1682 1276 1663 1276 1651 1276 1292 1280 1294 1303 1294 1323 1895 1325 1898 1299 1893 1274 1877 1274"/></Shape>
	    <String CONTENT="mai lan Garbarek/Bobo Stenson Quartet"
                    HPOS="1292"
                    VPOS="1274"
                    WIDTH="606"
                    HEIGHT="51"
                    WC="0.9919067315153174"></String>
          </TextLine>
          <TextLine ID="eSc_line_31e39e8e"
                    TAGREFS="LT497"
                    BASELINE="1296 1358 2372 1346" 
                    HPOS="1294"
                    VPOS="1309"
                    WIDTH="1078"
                    HEIGHT="64">
            <Shape><Polygon POINTS="1296 1358 1296 1373 2370 1362 2372 1346 2366 1321 2183 1321 2160 1309 2158 1309 2156 1309 2154 1309 2152 1309 2134 1323 2086 1323 2012 1309 2010 1309 1945 1323 1850 1315 1848 1315 1846 1315 1824 1327 1713 1327 1659 1313 1657 1313 1655 1313 1629 1327 1604 1315 1602 1315 1518 1315 1516 1315 1514 1315 1475 1327 1390 1317 1388 1317 1386 1317 1384 1317 1368 1331 1294 1331 1296 1358"/></Shape>
	    <String CONTENT="• Anthony Braxton est définitivement Installé dans la banlieue new-yorkaise."
                    HPOS="1294"
                    VPOS="1309"
                    WIDTH="1078"
                    HEIGHT="64"></String>
          </TextLine>
          <TextLine ID="eSc_line_8475083d"
                    TAGREFS="LT497"
                    BASELINE="1300 1383 2370 1375" 
                    HPOS="1298"
                    VPOS="1352"
                    WIDTH="1072"
                    HEIGHT="49">
            <Shape><Polygon POINTS="1300 1383 1300 1401 2368 1391 2370 1375 2364 1352 1298 1358 1300 1383"/></Shape>
	    <String CONTENT="Il compte revenir en France un mois environ au cours du printemps prochain,"
                    HPOS="1298"
                    VPOS="1352"
                    WIDTH="1072"
                    HEIGHT="49"
                    WC="0.992861533164978"></String>
          </TextLine>
          <TextLine ID="eSc_line_adbf5d98"
                    TAGREFS="LT497"
                    BASELINE="1292 1410 2372 1401" 
                    HPOS="1290"
                    VPOS="1377"
                    WIDTH="1082"
                    HEIGHT="47">
            <Shape><Polygon POINTS="1292 1410 1292 1424 2372 1420 2372 1401 2366 1377 1290 1385 1292 1410"/></Shape>
	    <String CONTENT="mais « en vacances et sans instruments ». Le saxophoniste a par ailleurs"
                    HPOS="1290"
                    VPOS="1377"
                    WIDTH="1082"
                    HEIGHT="47"></String>
          </TextLine>
          <TextLine ID="eSc_line_996c80ef"
                    TAGREFS="LT497"
                    BASELINE="1296 1438 2374 1430" 
                    HPOS="1294"
                    VPOS="1409"
                    WIDTH="1080"
                    HEIGHT="48">
            <Shape><Polygon POINTS="1296 1438 1296 1457 2372 1449 2374 1430 2368 1409 1294 1410 1296 1438"/></Shape>
	    <String CONTENT="enregistré pour Atlantic un album en compagnie de Lee Konitz, de Dave"
                    HPOS="1294"
                    VPOS="1409"
                    WIDTH="1080"
                    HEIGHT="48"
                    WC="0.9973476145948682"></String>
          </TextLine>
          <TextLine ID="eSc_line_021c6ef0"
                    TAGREFS="LT497"
                    BASELINE="1296 1465 2372 1455" 
                    HPOS="1294"
                    VPOS="1434"
                    WIDTH="1078"
                    HEIGHT="49">
            <Shape><Polygon POINTS="1296 1465 1296 1483 2370 1481 2372 1455 2366 1434 1294 1442 1296 1465"/></Shape>
	    <String CONTENT="Brubeck et de Roy Haynes, et un autre en duo avec le joueur de synthétiseur"
                    HPOS="1294"
                    VPOS="1434"
                    WIDTH="1078"
                    HEIGHT="49"
                    WC="0.9879147033942374"></String>
          </TextLine>
          <TextLine ID="eSc_line_e4d2b414"
                    TAGREFS="LT497"
                    BASELINE="1298 1494 1550 1492" 
                    HPOS="1296"
                    VPOS="1469"
                    WIDTH="254"
                    HEIGHT="47">
            <Shape><Polygon POINTS="1298 1494 1298 1512 1546 1516 1550 1492 1546 1469 1296 1469 1298 1494"/></Shape>
	    <String CONTENT="Richard Teitelbaun"
                    HPOS="1296"
                    VPOS="1469"
                    WIDTH="254"
                    HEIGHT="47"
                    WC="0.9782166017426385"></String>
          </TextLine>
          <TextLine ID="eSc_line_a2f59772"
                    TAGREFS="LT497"
                    BASELINE="1317 1547 2374 1541" 
                    HPOS="1316"
                    VPOS="1502"
                    WIDTH="1058"
                    HEIGHT="68">
            <Shape><Polygon POINTS="1317 1547 1317 1564 1585 1561 1596 1566 1602 1570 1604 1570 1606 1570 1608 1570 1610 1570 1612 1570 1616 1566 1626 1559 1795 1559 1953 1568 2008 1570 2010 1570 2025 1568 2076 1559 2105 1568 2107 1568 2109 1568 2111 1568 2115 1568 2158 1559 2251 1566 2253 1566 2255 1566 2283 1557 2370 1568 2374 1541 2372 1516 2335 1502 2333 1502 2212 1502 2210 1502 2208 1502 2207 1502 2207 1504 2195 1514 2043 1506 2041 1506 1982 1516 1932 1504 1930 1504 1928 1504 1926 1504 1924 1504 1906 1516 1643 1508 1641 1508 1569 1518 1565 1518 1563 1518 1530 1508 1528 1508 1526 1508 1316 1518 1317 1547"/></Shape>
	    <String CONTENT="• Les Konitz s&#x27;est produit récemment en ltalie et au Festival de Berlin"
                    HPOS="1316"
                    VPOS="1502"
                    WIDTH="1058"
                    HEIGHT="68"></String>
          </TextLine>
          <TextLine ID="eSc_line_e090cb92"
                    TAGREFS="LT497"
                    BASELINE="1294 1574 1838 1572" 
                    HPOS="1292"
                    VPOS="1547"
                    WIDTH="546"
                    HEIGHT="53">
            <Shape><Polygon POINTS="1294 1574 1294 1592 1544 1588 1555 1596 1555 1598 1557 1598 1559 1598 1561 1598 1563 1598 1569 1598 1606 1588 1834 1600 1838 1572 1832 1547 1292 1547 1294 1574"/></Shape>
	    <String CONTENT="en compagnie de Bob Brookmeyer (tb)"
                    HPOS="1292"
                    VPOS="1547"
                    WIDTH="546"
                    HEIGHT="53"
                    WC="0.9812528899737767"></String>
          </TextLine>
          <TextLine ID="eSc_line_26d8b681"
                    TAGREFS="LT497"
                    BASELINE="1308 1631 2374 1621" 
                    HPOS="1306"
                    VPOS="1588"
                    WIDTH="1068"
                    HEIGHT="58">
            <Shape><Polygon POINTS="1308 1631 1308 1646 2372 1635 2374 1621 2368 1588 1306 1598 1308 1631"/></Shape>
	    <String CONTENT="• Après avoir fait l’objet de vives inquiétudes, l’état de santé de Miles"
                    HPOS="1306"
                    VPOS="1588"
                    WIDTH="1068"
                    HEIGHT="58"></String>
          </TextLine>
          <TextLine ID="eSc_line_6f9cffe2"
                    TAGREFS="LT497"
                    BASELINE="1296 1658 2376 1652" 
                    HPOS="1292"
                    VPOS="1613"
                    WIDTH="1082"
                    HEIGHT="62">
            <Shape><Polygon POINTS="2345 1622 1321 1628 1313 1613 1292 1613 1295 1675 1821 1675 1851 1672 2371 1669 2374 1651 2371 1622 2345 1619 2345 1622"/></Shape>
	    <String CONTENT="Davis est maintenant jugé satisfaisant. Le trompettiste, qui ne tarit pas"
                    HPOS="1292"
                    VPOS="1613"
                    WIDTH="1082"
                    HEIGHT="62"></String>
          </TextLine>
          <TextLine ID="eSc_line_5a479244"
                    TAGREFS="LT497"
                    BASELINE="1298 1683 2374 1676" 
                    HPOS="1296"
                    VPOS="1644"
                    WIDTH="1078"
                    HEIGHT="57">
            <Shape><Polygon POINTS="2310 1654 2298 1654 2290 1654 2271 1654 2251 1654 2232 1654 2212 1654 2193 1654 2173 1654 2154 1654 2134 1654 2115 1654 2111 1654 2099 1656 2051 1654 2037 1654 2017 1654 1998 1654 1978 1654 1959 1656 1939 1656 1920 1656 1900 1656 1881 1656 1861 1656 1842 1656 1828 1656 1817 1660 1296 1660 1298 1683 1298 1701 2372 1691 2374 1676 2368 1644 2310 1652 2310 1654"/></Shape>
	    <String CONTENT="d’éloges sur sa nouvelle recrue Dominique Gaumont en qui il voit « le Jimi"
                    HPOS="1296"
                    VPOS="1644"
                    WIDTH="1078"
                    HEIGHT="57"></String>
          </TextLine>
          <TextLine ID="eSc_line_9709b7e1"
                    TAGREFS="LT497"
                    BASELINE="1298 1709 2370 1703" 
                    HPOS="1296"
                    VPOS="1681"
                    WIDTH="1074"
                    HEIGHT="49">
            <Shape><Polygon POINTS="1298 1709 1298 1730 2368 1726 2370 1703 2364 1681 1296 1685 1298 1709"/></Shape>
	    <String CONTENT="Hendrix de demain », était, il y a peu, obligé de s’appuyer sur une canne"
                    HPOS="1296"
                    VPOS="1681"
                    WIDTH="1074"
                    HEIGHT="49"
                    WC="0.9900563017527262"></String>
          </TextLine>
          <TextLine ID="eSc_line_ad09e6e3"
                    TAGREFS="LT497"
                    BASELINE="1294 1740 2372 1730" 
                    HPOS="1292"
                    VPOS="1709"
                    WIDTH="1080"
                    HEIGHT="54">
            <Shape><Polygon POINTS="1294 1740 1294 1754 1462 1763 1464 1763 1520 1754 1526 1754 1538 1754 1647 1761 1649 1761 2372 1750 2372 1730 2366 1709 1292 1715 1294 1740"/></Shape>
	    <String CONTENT="voire de se faire aider pour marcher, tant ses jambes le faisaient souffrir."
                    HPOS="1292"
                    VPOS="1709"
                    WIDTH="1080"
                    HEIGHT="54"></String>
          </TextLine>
          <TextLine ID="eSc_line_fdef6bfd"
                    TAGREFS="LT497"
                    BASELINE="1304 1792 2376 1781" 
                    HPOS="1302"
                    VPOS="1750"
                    WIDTH="1074"
                    HEIGHT="58">
            <Shape><Polygon POINTS="1304 1792 1304 1808 2376 1798 2376 1781 2370 1750 1302 1759 1304 1792"/></Shape>
	    <String CONTENT="Au cours d’une récente tournée aux Etats-Unis où Martial Solal avait été"
                    HPOS="1302"
                    VPOS="1750"
                    WIDTH="1074"
                    HEIGHT="58"></String>
          </TextLine>
          <TextLine ID="eSc_line_b63b83d2"
                    TAGREFS="LT497"
                    BASELINE="1298 1818 2368 1810" 
                    HPOS="1296"
                    VPOS="1789"
                    WIDTH="1072"
                    HEIGHT="50">
            <Shape><Polygon POINTS="1298 1818 1298 1839 2366 1833 2368 1810 2363 1789 1296 1794 1298 1818"/></Shape>
	    <String CONTENT="invité à se produire par les organisateurs du Festival de Monterey, le"
                    HPOS="1296"
                    VPOS="1789"
                    WIDTH="1072"
                    HEIGHT="50"
                    WC="0.9993241387936804"></String>
          </TextLine>
          <TextLine ID="eSc_line_88965c7a"
                    TAGREFS="LT497"
                    BASELINE="1298 1849 2370 1837" 
                    HPOS="1296"
                    VPOS="1816"
                    WIDTH="1074"
                    HEIGHT="49">
            <Shape><Polygon POINTS="1298 1849 1298 1865 2368 1857 2370 1837 2364 1816 1296 1824 1298 1849"/></Shape>
	    <String CONTENT="pianiste a enregistré, sous la supervision de Ross Russel, un album en"
                    HPOS="1296"
                    VPOS="1816"
                    WIDTH="1074"
                    HEIGHT="49"
                    WC="0.9919274096757593"></String>
          </TextLine>
          <TextLine ID="eSc_line_053542d0"
                    TAGREFS="LT497"
                    BASELINE="1298 1874 2370 1865" 
                    HPOS="1296"
                    VPOS="1843"
                    WIDTH="1074"
                    HEIGHT="49">
            <Shape><Polygon POINTS="1298 1874 1298 1892 2368 1882 2370 1865 2364 1843 1296 1849 1298 1874"/></Shape>
	    <String CONTENT="solo rassemblant des compositions de Charlie Parker et, à New York, un"
                    HPOS="1296"
                    VPOS="1843"
                    WIDTH="1074"
                    HEIGHT="49"></String>
          </TextLine>
          <TextLine ID="eSc_line_13a61ca6"
                    TAGREFS="LT497"
                    BASELINE="1294 1902 2376 1894" 
                    HPOS="1292"
                    VPOS="1870"
                    WIDTH="1084"
                    HEIGHT="45">
            <Shape><Polygon POINTS="1294 1902 1294 1915 2376 1915 2376 1894 2370 1870 1292 1874 1294 1902"/></Shape>
	    <String CONTENT="disque pour Milestones sous la direction de Lee Konitz avec Dave Holland"
                    HPOS="1292"
                    VPOS="1870"
                    WIDTH="1084"
                    HEIGHT="45"
                    WC="0.9928813369737731"></String>
          </TextLine>
          <TextLine ID="eSc_line_69914311"
                    TAGREFS="LT497"
                    BASELINE="1300 1933 2240 1923" 
                    HPOS="1298"
                    VPOS="1896"
                    WIDTH="942"
                    HEIGHT="64">
            <Shape><Polygon POINTS="2097 1898 2078 1898 2058 1898 2045 1898 1298 1904 1300 1933 1300 1948 1520 1946 1522 1948 1532 1956 1532 1958 1534 1958 1536 1958 1538 1960 1577 1960 1577 1958 1579 1958 1604 1946 1606 1946 1608 1946 1647 1958 1649 1958 1651 1958 1653 1958 1655 1958 1672 1946 1676 1944 1690 1946 1756 1956 1758 1956 1760 1956 1762 1956 1780 1944 1782 1944 1815 1944 2047 1954 2049 1954 2238 1941 2240 1923 2234 1896 2103 1896 2097 1898"/></Shape>
	    <String CONTENT="et Jack De Johnette. Que des premières prises à ce qu’il parait !"
                    HPOS="1298"
                    VPOS="1896"
                    WIDTH="942"
                    HEIGHT="64"></String>
          </TextLine>
          <TextLine ID="eSc_line_0a5b30eb"
                    TAGREFS="LT497"
                    BASELINE="1306 1983 2378 1976" 
                    HPOS="1301"
                    VPOS="1932"
                    WIDTH="1076"
                    HEIGHT="111">
            <Shape><Polygon POINTS="1304 1982 1304 2014 1567 2014 1585 2020 1637 2043 1640 2043 1643 2043 2006 2028 2181 2022 2371 2034 2377 1973 2368 1932 1301 1938 1304 1982"/></Shape>
	    <String CONTENT="• Eubie Blake, de passage dans le capitate fin novembre a enregistré"
                    HPOS="1301"
                    VPOS="1932"
                    WIDTH="1076"
                    HEIGHT="111"></String>
          </TextLine>
          <TextLine ID="eSc_line_5a88104a"
                    BASELINE="1301 2015 2369 2005" 
                    HPOS="1295"
                    VPOS="1967"
                    WIDTH="1073"
                    HEIGHT="64">
            <Shape><Polygon POINTS="2348 1976 1324 1982 1316 1967 1295 1967 1298 2031 2365 2025 2368 2002 2360 1976 2348 1976"/></Shape>
	    <String CONTENT="sous la supervision de Jean-Christophe Averty, cinq émission de télévision"
                    HPOS="1295"
                    VPOS="1967"
                    WIDTH="1073"
                    HEIGHT="64"></String>
          </TextLine>
          <TextLine ID="eSc_line_7063d6ae"
                    TAGREFS="LT497"
                    BASELINE="1296 2040 1575 2036" 
                    HPOS="1294"
                    VPOS="2013"
                    WIDTH="281"
                    HEIGHT="48">
            <Shape><Polygon POINTS="1296 2040 1296 2061 1575 2054 1575 2036 1571 2013 1294 2013 1296 2040"/></Shape>
	    <String CONTENT="d’une heure chaque."
                    HPOS="1294"
                    VPOS="2013"
                    WIDTH="281"
                    HEIGHT="48"
                    WC="0.9982468987766066"></String>
          </TextLine>
          <TextLine ID="eSc_line_4b9aafa8"
                    TAGREFS="LT497"
                    BASELINE="1306 2093 2374 2089" 
                    HPOS="1301"
                    VPOS="2043"
                    WIDTH="1070"
                    HEIGHT="70">
            <Shape><Polygon POINTS="1304 2113 2368 2104 2371 2087 2365 2055 1301 2043 1304 2090"/></Shape>
	    <String CONTENT="• Claude Nobs, organisateur du Festival de Montreux et responsable de la"
                    HPOS="1301"
                    VPOS="2043"
                    WIDTH="1070"
                    HEIGHT="70"></String>
          </TextLine>
          <TextLine ID="eSc_line_61718a90"
                    TAGREFS="LT497"
                    BASELINE="1300 2120 1889 2118 2377 2115" 
                    HPOS="1295"
                    VPOS="2052"
                    WIDTH="1079"
                    HEIGHT="99">
            <Shape><Polygon POINTS="1298 2119 1298 2139 1743 2134 1769 2139 1795 2139 1795 2145 1816 2148 1819 2148 1839 2145 1912 2131 1938 2145 1941 2148 1944 2148 1947 2148 1950 2151 2374 2151 2374 2113 2368 2058 1295 2052 1298 2119"/></Shape>
	    <String CONTENT="série Atlantic « Focus On», annonce la sortie prochaine sous ce label"
                    HPOS="1295"
                    VPOS="2052"
                    WIDTH="1079"
                    HEIGHT="99"></String>
          </TextLine>
          <TextLine ID="eSc_line_a3fa2246"
                    TAGREFS="LT497"
                    BASELINE="1300 2147 1805 2145" 
                    HPOS="1298"
                    VPOS="2122"
                    WIDTH="507"
                    HEIGHT="47">
            <Shape><Polygon POINTS="1300 2147 1300 2165 1801 2169 1805 2145 1799 2122 1298 2122 1300 2147"/></Shape>
	    <String CONTENT="de faces inédites de John Coltrane."
                    HPOS="1298"
                    VPOS="2122"
                    WIDTH="507"
                    HEIGHT="47"></String>
          </TextLine>
          <TextLine ID="eSc_line_771277e0"
                    TAGREFS="LT497"
                    BASELINE="1303 2205 2370 2194" 
                    HPOS="1298"
                    VPOS="2157"
                    WIDTH="1070"
                    HEIGHT="102">
            <Shape><Polygon POINTS="1301 2204 1301 2239 1672 2242 1672 2245 1699 2259 1702 2259 1705 2259 1707 2259 1886 2245 1941 2242 2365 2248 2368 2192 2360 2157 1298 2163 1301 2204"/></Shape>
	    <String CONTENT="• Le Nouveau Carré de Thorigny, ex-Gaîté Lyrique, ouvrira ses portes au jazz,"
                    HPOS="1298"
                    VPOS="2157"
                    WIDTH="1070"
                    HEIGHT="102"></String>
          </TextLine>
          <TextLine ID="eSc_line_2c53e4bd"
                    BASELINE="1301 2233 2381 2222" 
                    HPOS="1295"
                    VPOS="2177"
                    WIDTH="1085"
                    HEIGHT="73">
            <Shape><Polygon POINTS="2348 2195 2114 2195 2085 2198 1851 2198 1821 2201 1588 2201 1558 2204 1324 2204 1313 2183 1295 2183 1298 2250 2380 2250 2380 2221 2371 2177 2348 2177 2348 2195"/></Shape>
	    <String CONTENT="grâce à l&#x27;action de Sylvia Monfort, tous les vendredis et samedis à partir"
                    HPOS="1295"
                    VPOS="2177"
                    WIDTH="1085"
                    HEIGHT="73"></String>
          </TextLine>
          <TextLine ID="eSc_line_d178a735"
                    TAGREFS="LT497"
                    BASELINE="1300 2254 1694 2254" 
                    HPOS="1300"
                    VPOS="2231"
                    WIDTH="394"
                    HEIGHT="47">
            <Shape><Polygon POINTS="1300 2254 1300 2278 1694 2276 1694 2254 1692 2231 1300 2231 1300 2254"/></Shape>
	    <String CONTENT="du mois de mars prochain."
                    HPOS="1300"
                    VPOS="2231"
                    WIDTH="394"
                    HEIGHT="47"
                    WC="0.9790673303604126"></String>
          </TextLine>
          <TextLine ID="eSc_line_95922cfc"
                    TAGREFS="LT497"
                    BASELINE="1309 2314 2371 2304" 
                    HPOS="1304"
                    VPOS="2259"
                    WIDTH="1064"
                    HEIGHT="76">
            <Shape><Polygon POINTS="1307 2332 1336 2332 1365 2332 1395 2332 1424 2332 1453 2332 1482 2332 1511 2332 1541 2332 1570 2332 1599 2329 1628 2329 1658 2329 1687 2329 1716 2329 1745 2329 1775 2329 1804 2329 1833 2329 1833 2335 2365 2335 2368 2303 2360 2259 1304 2274 1307 2312"/></Shape>
	    <String CONTENT="• Otis Rush, Jimmy Dawkins et Sunnyland Slim ont enregistré tous trois"
                    HPOS="1304"
                    VPOS="2259"
                    WIDTH="1064"
                    HEIGHT="76"></String>
          </TextLine>
          <TextLine ID="eSc_line_eeeb63c0"
                    TAGREFS="LT497"
                    BASELINE="1298 2340 1850 2334" 
                    HPOS="1292"
                    VPOS="2262"
                    WIDTH="556"
                    HEIGHT="97">
            <Shape><Polygon POINTS="1295 2338 1295 2359 1845 2359 1848 2332 1839 2262 1292 2274 1295 2338"/></Shape>
	    <String CONTENT="pour Black &amp; Blue en novembre dernier."
                    HPOS="1292"
                    VPOS="2262"
                    WIDTH="556"
                    HEIGHT="97"></String>
          </TextLine>
          <TextLine ID="eSc_line_f343e3ba"
                    TAGREFS="LT497"
                    BASELINE="1434 2539 2230 2535" 
                    HPOS="1433"
                    VPOS="2461"
                    WIDTH="797"
                    HEIGHT="101">
            <Shape><Polygon POINTS="2216 2469 2127 2461 2125 2461 2060 2473 2045 2475 2039 2473 2021 2465 2019 2465 2017 2465 1902 2473 1887 2463 1885 2463 1883 2463 1881 2463 1811 2473 1744 2463 1743 2463 1637 2478 1635 2478 1633 2478 1616 2465 1614 2465 1612 2465 1610 2465 1608 2465 1581 2478 1503 2469 1501 2469 1433 2480 1434 2539 1434 2556 2228 2562 2230 2535 2226 2471 2216 2469"/></Shape>
	    <String CONTENT="ABONNEZ-VOUS:"
                    HPOS="1433"
                    VPOS="2461"
                    WIDTH="797"
                    HEIGHT="101"
                    WC="0.9993272240345294"></String>
          </TextLine>
          <TextLine ID="eSc_line_50ff7fa2"
                    TAGREFS="LT497"
                    BASELINE="1319 2611 1770 2607" 
                    HPOS="1317"
                    VPOS="2576"
                    WIDTH="453"
                    HEIGHT="55">
            <Shape><Polygon POINTS="1319 2611 1321 2631 1358 2621 1501 2631 1514 2631 1516 2631 1518 2631 1520 2631 1546 2619 1573 2631 1575 2631 1577 2631 1579 2631 1581 2631 1583 2631 1602 2619 1768 2629 1770 2607 1766 2578 1317 2576 1319 2611"/></Shape>
	    <String CONTENT="A détacher et envoyer"
                    HPOS="1317"
                    VPOS="2576"
                    WIDTH="453"
                    HEIGHT="55"
                    WC="0.9755139621821317"></String>
          </TextLine>
          <TextLine ID="eSc_line_6fa3c2aa"
                    TAGREFS="LT497"
                    BASELINE="1323 2656 1762 2656" 
                    HPOS="1323"
                    VPOS="2619"
                    WIDTH="439"
                    HEIGHT="62">
            <Shape><Polygon POINTS="1323 2656 1323 2671 1760 2681 1762 2656 1760 2619 1323 2625 1323 2656"/></Shape>
	    <String CONTENT="14, rue Chaptal, Paris (9e)"
                    HPOS="1323"
                    VPOS="2619"
                    WIDTH="439"
                    HEIGHT="62"
                    WC="0.9992111435642949"></String>
          </TextLine>
          <TextLine ID="eSc_line_e80c61fe"
                    TAGREFS="LT497"
                    BASELINE="1319 2701 1762 2697" 
                    HPOS="1317"
                    VPOS="2671"
                    WIDTH="445"
                    HEIGHT="51">
            <Shape><Polygon POINTS="1319 2701 1319 2722 1762 2716 1762 2697 1756 2671 1317 2673 1319 2701"/></Shape>
	    <String CONTENT="accompagné d’un chèque"
                    HPOS="1317"
                    VPOS="2671"
                    WIDTH="445"
                    HEIGHT="51"
                    WC="0.9996577004591624"></String>
          </TextLine>
          <TextLine ID="eSc_line_52596a56"
                    TAGREFS="LT497"
                    BASELINE="1838 2668 2329 2664" 
                    HPOS="1836"
                    VPOS="2634"
                    WIDTH="493"
                    HEIGHT="59">
            <Shape><Polygon POINTS="1838 2668 1838 2693 2329 2681 2329 2664 2324 2634 1836 2636 1838 2668"/></Shape>
	    <String CONTENT="BULLETIN D’ABONNEMENT"
                    HPOS="1836"
                    VPOS="2634"
                    WIDTH="493"
                    HEIGHT="59"
                    WC="0.9994915837333316"></String>
          </TextLine>
          <TextLine ID="eSc_line_1373d6d2"
                    TAGREFS="LT497"
                    BASELINE="1319 2745 1661 2742" 
                    HPOS="1317"
                    VPOS="2710"
                    WIDTH="344"
                    HEIGHT="59">
            <Shape><Polygon POINTS="1319 2745 1319 2765 1659 2769 1661 2742 1657 2712 1317 2710 1319 2745"/></Shape>
	    <String CONTENT="bancaire ou postal."
                    HPOS="1317"
                    VPOS="2710"
                    WIDTH="344"
                    HEIGHT="59"
                    WC="0.9887980003105966"></String>
          </TextLine>
          <TextLine ID="eSc_line_93a9d75c"
                    TAGREFS="LT497"
                    BASELINE="1323 2816 2345 2810" 
                    HPOS="1321"
                    VPOS="2781"
                    WIDTH="1024"
                    HEIGHT="60">
            <Shape><Polygon POINTS="2335 2788 2333 2783 1321 2781 1323 2816 1323 2835 1649 2841 1651 2841 1653 2841 1655 2841 1661 2837 1676 2827 1817 2837 1856 2839 1858 2839 1860 2839 1861 2839 1863 2837 1885 2821 2074 2821 2097 2837 2099 2837 2101 2837 2103 2837 2111 2837 2288 2827 2341 2837 2345 2810 2341 2792 2335 2788"/></Shape>
	    <String CONTENT="le soussigné (nom en majuscules)....................."
                    HPOS="1321"
                    VPOS="2781"
                    WIDTH="1024"
                    HEIGHT="60"
                    WC="0.9516464504930708"></String>
          </TextLine>
          <TextLine ID="eSc_line_b6c0006a"
                    TAGREFS="LT497"
                    BASELINE="1319 2890 2347 2886" 
                    HPOS="1317"
                    VPOS="2849"
                    WIDTH="1030"
                    HEIGHT="70">
            <Shape><Polygon POINTS="1319 2890 1323 2919 1343 2907 1440 2917 1442 2917 1444 2917 1446 2917 1446 2915 1466 2899 1645 2899 1670 2917 1672 2917 1674 2917 1676 2919 1774 2919 1774 2917 1776 2917 1778 2917 1793 2905 1858 2915 1860 2915 1861 2915 1863 2915 1883 2903 2035 2911 2037 2911 2039 2911 2064 2901 2127 2915 2129 2915 2203 2903 2343 2915 2347 2886 2345 2862 2316 2849 2314 2849 2312 2849 2310 2849 2308 2849 2308 2851 2296 2860 1317 2853 1319 2890"/></Shape>
	    <String CONTENT="Prénom.........................................."
                    HPOS="1317"
                    VPOS="2849"
                    WIDTH="1030"
                    HEIGHT="70"
                    WC="0.7879249185931926"></String>
          </TextLine>
          <TextLine ID="eSc_line_d0bc48c3"
                    TAGREFS="LT497"
                    BASELINE="1321 2964 2349 2960" 
                    HPOS="1319"
                    VPOS="2923"
                    WIDTH="1030"
                    HEIGHT="68">
            <Shape><Polygon POINTS="1321 2964 1321 2981 1532 2991 1534 2991 1536 2991 1538 2991 1538 2989 1546 2983 1561 2968 2012 2968 2053 2987 2058 2989 2060 2989 2062 2991 2142 2991 2142 2989 2144 2989 2146 2989 2146 2987 2148 2987 2156 2979 2177 2987 2185 2989 2187 2989 2189 2989 2349 2987 2349 2960 2345 2935 2286 2923 2285 2923 2164 2933 1937 2923 1936 2923 1934 2923 1932 2923 1918 2933 1893 2923 1891 2923 1889 2923 1887 2923 1854 2933 1834 2923 1832 2923 1830 2923 1828 2923 1803 2936 1627 2936 1612 2925 1610 2925 1608 2925 1606 2925 1538 2935 1522 2925 1520 2925 1518 2925 1516 2925 1514 2925 1512 2925 1503 2935 1489 2925 1487 2925 1485 2925 1483 2925 1390 2935 1370 2925 1368 2925 1366 2925 1364 2925 1319 2936 1321 2964"/></Shape>
	    <String CONTENT="Adresse (rue) (n°) ..."
                    HPOS="1319"
                    VPOS="2923"
                    WIDTH="1030"
                    HEIGHT="68"
                    WC="0.9646984149109233"></String>
          </TextLine>
          <TextLine ID="eSc_line_e1e38cdd"
                    TAGREFS="LT497"
                    BASELINE="1325 3042 2349 3036" 
                    HPOS="1323"
                    VPOS="3005"
                    WIDTH="1026"
                    HEIGHT="64">
            <Shape><Polygon POINTS="2345 3014 2343 3005 1323 3005 1325 3042 1325 3069 1380 3067 1382 3067 1384 3067 1399 3053 1444 3067 1446 3067 1448 3067 1450 3067 1487 3053 1592 3053 1606 3065 1606 3067 1608 3067 1610 3067 1612 3067 1614 3067 1719 3053 1766 3063 1768 3063 1770 3063 1793 3051 1821 3065 1822 3065 1824 3067 1834 3067 1871 3067 1871 3065 1873 3065 1875 3065 1893 3051 1910 3065 1912 3065 1914 3065 1916 3065 1924 3065 2097 3051 2345 3061 2349 3036 2347 3028 2345 3014"/></Shape>
	    <String CONTENT="Ville.................. (départ.)............."
                    HPOS="1323"
                    VPOS="3005"
                    WIDTH="1026"
                    HEIGHT="64"
                    WC="0.8396153323193813"></String>
          </TextLine>
          <TextLine ID="eSc_line_fa257986"
                    TAGREFS="LT497"
                    BASELINE="1325 3104 2351 3094" 
                    HPOS="1323"
                    VPOS="3057"
                    WIDTH="1028"
                    HEIGHT="65">
            <Shape><Polygon POINTS="1325 3104 1325 3122 2351 3118 2351 3094 2347 3067 2179 3057 2177 3057 2175 3057 2142 3067 2134 3067 1323 3067 1325 3104"/></Shape>
	    <String CONTENT="désire souscrire un abonnement d’un an (11 numéros) à lazz-Hot."
                    HPOS="1323"
                    VPOS="3057"
                    WIDTH="1028"
                    HEIGHT="65"
                    WC="0.9794858739231572"></String>
          </TextLine>
          <TextLine ID="eSc_line_ce5d55fd"
                    TAGREFS="LT497"
                    BASELINE="1643 3178 2347 3172" 
                    HPOS="1641"
                    VPOS="3137"
                    WIDTH="706"
                    HEIGHT="70">
            <Shape><Polygon POINTS="2343 3151 2341 3149 2197 3149 2195 3147 2181 3137 2179 3137 2177 3137 2175 3137 2173 3137 2146 3147 2142 3147 2136 3147 2099 3139 2097 3139 2095 3139 2093 3139 2093 3141 2088 3145 2084 3149 2054 3145 2002 3139 2000 3139 1937 3145 1865 3151 1641 3143 1643 3178 1643 3207 1891 3196 2343 3198 2347 3172 2343 3151 2343 3151"/></Shape>
	    <String CONTENT="Signature...................."
                    HPOS="1641"
                    VPOS="3137"
                    WIDTH="706"
                    HEIGHT="70"
                    WC="0.8956008471291641"></String>
          </TextLine>
          <TextLine ID="eSc_line_1900b929"
                    TAGREFS="LT497"
                    BASELINE="1321 3250 2066 3246" 
                    HPOS="1319"
                    VPOS="3209"
                    WIDTH="747"
                    HEIGHT="61">
            <Shape><Polygon POINTS="1321 3250 1321 3270 2066 3266 2066 3246 2062 3219 1479 3209 1477 3209 1475 3209 1473 3209 1473 3211 1464 3219 1337 3211 1335 3211 1333 3211 1331 3211 1319 3217 1321 3250"/></Shape>
	    <String CONTENT="France : 50 francs. — Etranger : 60 francs."
                    HPOS="1319"
                    VPOS="3209"
                    WIDTH="747"
                    HEIGHT="61"
                    WC="0.9853242857511654"></String>
          </TextLine>
          <TextLine ID="eSc_line_92e0dd46"
                    TAGREFS="LT497"
                    BASELINE="2325 3330 2388 3330" 
                    HPOS="2325"
                    VPOS="3299"
                    WIDTH="63"
                    HEIGHT="68">
            <Shape><Polygon POINTS="2384 3324 2370 3299 2327 3299 2325 3301 2325 3330 2325 3367 2388 3365 2388 3330 2384 3322 2384 3324"/></Shape>
	    <String CONTENT="23"
                    HPOS="2325"
                    VPOS="3299"
                    WIDTH="63"
                    HEIGHT="68"
                    WC="0.9995257556438446"></String>
          </TextLine>
        </TextBlock>
        <TextBlock HPOS="67"
                   VPOS="150"
                   WIDTH="2312"
                   HEIGHT="95"
                   ID="eSc_textblock_66db4b4a"
                   TAGREFS="BT22">
          <Shape><Polygon POINTS="67 150 67 245 2379 245 2379 150"/></Shape>
        </TextBlock>
        <TextBlock HPOS="1285"
                   VPOS="2428"
                   WIDTH="1094"
                   HEIGHT="853"
                   ID="eSc_textblock_5a71d0c7"
                   >
          <Shape><Polygon POINTS="1285 2428 1285 3281 2379 3281 2379 2428"/></Shape>
        </TextBlock>
        <TextBlock HPOS="2310"
                   VPOS="3307"
                   WIDTH="89"
                   HEIGHT="36"
                   ID="eSc_textblock_d1a6b61d"
                   TAGREFS="BT15">
          <Shape><Polygon POINTS="2399 3343 2399 3307 2310 3307 2310 3343"/></Shape>
        </TextBlock>
        <TextBlock ID="eSc_dummyblock_">
          <TextLine ID="eSc_line_65164e5f"
                    TAGREFS="LT497"
                    BASELINE="103 229 2370 196" 
                    HPOS="101"
                    VPOS="142"
                    WIDTH="2269"
                    HEIGHT="119">
            <Shape><Polygon POINTS="2343 153 2324 152 2304 152 2285 152 2265 150 2246 150 2226 150 2207 148 2187 148 2168 146 2148 146 2129 146 2109 144 2090 144 2082 144 2066 150 2054 153 2039 150 1996 142 1994 142 1992 142 1973 152 1965 155 1856 153 1592 148 1590 148 1468 159 1433 163 1417 161 1364 152 1362 152 1201 153 1058 167 1031 169 998 169 795 159 793 159 791 159 758 173 756 173 748 173 678 163 676 163 512 177 499 177 481 177 167 169 165 169 101 183 103 229 103 261 2370 235 2370 196 2366 153 2363 153"/></Shape>
	    <String CONTENT="JAZZ NEWS · JAZZ NEWS ·  JAZZ NEWS ·  JAZZ NEWS ·  JAZZ NEWS"
                    HPOS="101"
                    VPOS="142"
                    WIDTH="2269"
                    HEIGHT="119"></String>
          </TextLine>
        </TextBlock>
      </PrintSpace>
    </Page>
  </Layout>
</alto>
