2480 3508
120 187 1077 46 » discours personnel. Desservi dans l’esprit de beaucoup par son appar¬

115 218 1082 45 emance au quintet de Miles Davis apres Coltrane, on oublle qu’il participa

120 249 1077 45 d'excellents enregistrements, entre autres en compagnie de Booker Eittle

116 280 1083 47 chez Max Roach, et de Chet Baker. Le concert que George Coleman

116 309 1083 49 donna au Centre Américain apporta la preuve, une fois encore, qu’il est

115 343 1084 44 bon de ne pas se fier aux Idées et aux réputations toutes faites. Soutenu

115 374 1080 50 par un trio Arvanitas en belle forme (Jacky Samson prit quelques chorus

115 407 1080 47 remarquables), le ténor manifesta pendant une heure et demie un enthou¬

115 432 1080 51 siasme à jouer parfaitement, revigorant, usant de l’art précieux de choisir

116 467 1081 49 soigneusement ses thèmes pour mieux les plier à son inspiration et ainsi

115 496 1082 47 les enrichir, témoin une remarquable improvisation sur Alone Again Natu¬

111 530 1086 48 rally. Espérons qu’enfin un album viendra à la fois combler une lacune

113 563 598 47 et apporter la révélation dans les foyers

986 588 213 51 Alain Tercinet.

115 648 822 71 "NEW SOUNDS IN PERCUSSIONSY A U'ORTE

109 746 565 54 MICHEL PORTAL ET DANIEL HUMAIR

109 793 296 50 Portal jamais pareil.

109 824 1088 62 A tous les râteliers d’une Pyrénée de bal popu, il dévore et nous en

109 865 1088 50 régurgite tous les pains et toutes les chairs. Ce profond folklore du fond

109 902 1088 47 du ventre, il en fend la caverne de son bistouri doux-amer, lul écartant

111 935 586 49 les lèvres d’un rire et d’une inquiétude

109 958 1086 57 Sacré paysage que sa forêt d’Instruments étalée comme ça, de vous à moi,

111 995 483 45 de lui à nous ! le prends cui-là ?

109 1025 1090 44 lamais peut-être, même en son tango fameux de Splendid Yzlement, la

109 1054 1082 51 clarté de Portal, sa facon dans l’inout (malgré l’inour 7) de tisser un lien

109 1089 1086 45 réversible entre ses auditeurs et lui, l’amour quoi, ne furent aussi fla¬

109 1122 111 49 grantes.

109 1143 1088 69 Quant à la question du duo, c'est pas si évident Humair est il à son

109 1188 1086 53 affaire dans ces affaires-là ? Sa rencontre avec Braxton avait également été

109 1225 1086 45 décevante. Et pourtant, quelles merveilles fit-il récemment avec Joe Hen¬

109 1255 674 54 derson et cet été avec Konitz! A poursuivre..

107 1301 103 55 PULSE

109 1338 1074 57 C'était dur, après Portal, de creuser plus loin avant ce trou dit studio 105

109 1379 801 45 C’était même impossible et l’impossible ne fut pas fait

109 1414 1074 47 Quatre percussionnistes se cherchant des moments de pensée commune e

111 1444 1078 48 en trouvant parfois dans les chemins un peu trop parcourus de l’afro-urba¬

109 1479 1082 48 nisme. De longues absences furent compensées parfois de retrouvailles

109 1510 1080 51 heureuses où, d’un bout à l’autre des gradins, les quatre hommes soudain

109 1539 1080 47 s’accordaient: Steve MoCall, Kenneth Tyler, Bruce Carrington, lean-François

105 1574 388 49 Fabiano, 23 novembre 1974.

1002 1603 189 49 Jean Delmas.

105 1668 331 66 MICHEL PORTAL

105 1736 1070 105 Michel Portal (saxo-alto, clarinette, sarrussophone, taragot, bandonéon,

111 1777 1067 58 ec). Derek Bailey (guiare). J.-F. Jenny-Clark (conrebasse). Daniel Humair

105 1814 189 47 (percussions).

105 1849 589 47 Bures-sur-Yvette. M.I.C. 30 novembre 1974.

105 1878 1080 55 Lieu de l’action: Bues-sur-Yvette, petite localité de la banlieue sud-ouest

105 1917 220 45 proche d’Orsay.

107 1946 571 55 Un nom sur l’affiche : MICHEL PORTAL.

101 1982 421 48 Autres personnages attendus :

105 2011 1084 54 PORTAL/DEREK BAILEY: rencontre qui ne pouvait qu’enthousiasmer les ama¬

103 2052 417 41 teurs imaginatifs — l’inconnu.

101 2075 1092 53 PORTAL/J.F. JENNY-CLARK: retrouvailles régulières de deux musiciens habités

105 2112 756 47 de préoccupations comparables — la complémentarité

103 2143 1090 51 PORTAL/DANIEL HUMAIR: duo qui avait pris naissance quelques jours plus

103 2176 470 45 tôt à l’ORTF — la rage de jouer.

107 2213 1082 49 La surprise viendra principalement des deux derniers. Libéré de son groupe

105 2247 1084 44 habituel dont les membres avaient de plus en plus tendance à souligner et

101 2274 1084 41 mettre scrupuleusement en relief sa musique — ses partenaires d’un soi

107 2301 1080 43 n’eurent pas peur d’intégrer fortement leurs voix — Portal n’a pas craint de

101 2328 1084 47 se laisser guider, voire déborder par Humair surtout, dont l’autorité, l’enthou¬

105 2356 1082 45 siasme et l’habileté dans les changements incessants de rythmes lui permirent

103 2385 1086 39 de se lancer à corps perdu dans des improvisations d’une originalité et d’une

103 2410 1086 43 nouveauté tout à fait rares. Humair, qui se montre comme le plus intelligent

107 2438 1082 42 percussionniste que l’on puisse écouter actuellement par ici, déclencha des

107 2465 1080 43 applaudissements fournis, par un incroyable solo exécuté sur des échelles.

105 2490 1078 45 des barrières, des chaises et autres ferrailles qui trainaient dans le fond de

109 2519 1076 45 la scène (alors que Portal s’était emparé de la batterie !) et qu’il termina

103 2547 1082 48 en jouant au foot avec une de ses - gamelles » en parcourant la salle à

101 2574 263 49 grandes enjambées

101 2593 1086 61 Jenny-Clark fut constamment présent, volontaire, sûr de lui et décidé; quant

105 2636 1082 45 à Derek Bailey, l’étonnant guitariste anglais, s’il sut mêler sa voix et faire

101 2664 1084 44 ressortir ses curieuses notes à l’intérieur du discours de ses trois compa¬

103 2691 1078 45 gnons. il ne prit jamais la direction des opérations et resta un peu en dehors

99 2718 1084 45 du groupe. Néanmoins il paru très attentif et visiblement tout content de ce

99 2745 207 45 qui se passait.

96 2762 1094 67 L'ovation qu'ils recurent entraina un rappel de toute beauté : après un solo

96 2803 1082 58 de Bailey. Portal, faisant admirer une sonorité proche de Lee Konitz, impro¬

99 2837 624 43 visa autour de quelques notes où tout fut dit

99 2862 1086 49 Pour terminer, et au sujet de ceux qui s’imaginent encore que ce genre de

101 2899 1082 43 - musique intellectuelle n’intéresse personne -. il paraît nécessaire de signaler

99 2923 1079 47 que la salle était archi-comble et occupée dans sa majeure partie par un

101 2956 1082 45 public local, habitués des diverses manifestations de la M.J.C. et sans doute

101 2979 591 47 d’étudiants et proches de la Fac. d’Orsay

93 3002 1091 105 Le plus passionnant « concert Portal » auquel j'ai assisté depuis ᑕhâteauval-

102 3040 947 55 lon 72, un événement, ça se passait à Bures, pas à Paris bien sûr.

970 3071 215 62 lean BUZELIN.

99 3159 485 48 XTET ET SEXTET AU 105

105 3218 1061 102 l'Xtet d'Annexy: Jean-Marc Boutin (p), Yvon Contact (perc.), Alain Vallarsa (s),

99 3239 269 81 Michel Gladieux (b).

1298 179 1088 47 Le Sextette de Steve Lacy : Lacy (ss). Steve Potts (as, ss), Michael Smith (p).

1294 212 638 47 trène Aebi (violoncelle), Kenneth Tyler (dr).

1294 241 759 51 Samedi 7 décembre, salle 105 de la Maison de l’ORTF.

1296 272 1086 59 Débarrassé de l’attirail électronique dans lequel on le sentait prisonnier à

1298 307 1080 47 Nancy il y a un an. l’Xtet d’Annecy fut pour tous une révélation et obtint ur

1298 337 1080 46 très gros succès tout à fait mérité. Voilà enfin du jazz contemporain structuré

1302 362 1080 45 intelligent, personnel. Références, s’il faut bien chercher : peut-être le trio

1298 385 1084 49 de Jimmy Giuftre, ou bien Circle dans les ballades. Mais en fait c’est ailleurs

1296 417 1082 48 qu’il faut chercher, dans la musique de chambre de nos ancêtres Debussy

1298 444 1082 49 Ravel, Fauré et consorts. Pour un Jazz d’avant-garde français... Il y avait

1300 471 1078 49 Solal et Portal; aujourd’hui voici le troisième maillon de la chaine, Jazz de

1296 496 1084 47 chambre, donc, rempli d’humour, chaleureux, où il n’est pas heureux de

1298 524 1082 48 hausser le ton, tout en demi-teintes pastel. Bravo! Cela, grâce à la tres

1298 553 1082 45 grande liberté et à l’abondante imagination de lean-Marc Boutin, un planiste

1298 580 1082 49 passionnant à découvrir, aisi qu’à son entente exemplaire avec l’excellent

1296 606 1086 50 Michel Gladieux à la basse. Alain Vallarsa joue des saxophones avec une

1304 635 1074 49 sorte de distanciation académique, même si le son, au ténor pulpeux, au

1302 660 1076 51 soprano proche de celui de Braxton, est plus Jazzy : voilà une démarche

1300 686 1080 46 personnelle et intéressante. Quant à Yvon Contat (on aura noté l’absence de

1296 715 1084 45 batterie, un vrai régal !), il apporte une touche poétique, les petits points

1296 742 1086 49 blancs de Vermeer apparemment gratuits mais qui en fin de compte épicent

1294 771 679 45 l’œuvre de façon délicate. A bientôt, espérons.

1296 799 1086 50 Steve Lacy réussit des prodiges pour faire jouer son sextette (et non seule¬

1296 836 1084 42 ment lui-même en tant que soliste). C’est que tout en demeurant un musicien

1298 861 1084 47 passionnant lorsqu’il improvise. Steve Lacy est au surplus et peut-être avant

1296 888 1082 51 tout, un compositeur et chef d’orchestre exemplaire. Qui, depuis la mort

1296 919 1086 41 du Duke et à part Miles, sait rassembler la structure de son groupe comme

1300 945 1080 46 Iil le fait? C’est en effet en termes de structures qu’il convient de parler de

1302 974 1076 41 ce concert, chaque pièce baignant dans un climat extraordinairement poé¬

1298 999 1076 44 tique, je dirais essentiel — Jean Delmas ne me contredira pas et ces

1298 1025 1082 46 climats changeant radicalement d’un morceau à l’autre. Tantôt il s’agit d’un

1300 1054 1078 43 hommage funèbre (à Harry Carney) d’une intensité dramatique quasiment

1300 1083 1080 43 insoutenable, tantôt une pièce pointilliste, tantôt la porte ouverte à l’humour

1300 1110 1082 43 le plus franc... Et pour couronner le tout, des compositions d’une beauté

1295 1131 1076 50 saisissante, servies par un orchestre aujourd’hui très uni. Réalise-t-on la

1298 1161 1084 45 chance d’avoir, à demeure dans la capitale, une musique de cette qualité ?

2132 1190 252 55 Laurent GODDET.

1296 1290 330 46 CORTEX A L'ARC

1298 1356 1084 60 Alain Mion (el p, synth) ; Aurelia Crawford (voix); Gérard Prevost (el b);

1298 1389 277 49 Alain Gandolfi (dm)

1300 1422 450 49 Musée d’Art Moderne de Paris.

1300 1461 1082 49 Mion et Gandolfi sont les éléments de base de Cortex, qui a connu des

1301 1487 1064 47 difficultés de départ et de nombreuses fluctuations de personnel. A

1298 1518 1080 46 basse électrique on retrouve depuis peu Gérard Prevost qui sait une fois

1304 1543 1074 47 de plus montrer un aspect nouveau de son jeu toujours remarquable d’assu¬

1300 1574 1078 43 rance et d’inventivité tant dans le strict rôle rythmique qui lui revient que

1302 1600 1074 48 dans de nombreux chorus (à noter un son d’une propreté rare chez les

1296 1625 427 49 bassistes électriques de jazz).

1302 1652 1076 57 La caractéristique principale du groupe est de donner à la voix une place

1298 1689 1076 49 prépondérante dans la sonorité de l’ensemble. Celle d’Aurelia Crawford en

1300 1716 1076 45 l’occurrence est chaude et rythmique (on regrette seulement les paroles

1304 1748 1072 39 anglaises et idiotes), les mise en place à l’unisson avec le piano de

1298 1769 1076 43 Mion, donnent un aspect fint et assez professionnel à l’ensemble et si cette

1302 1798 1074 45 musique ne s’Inscrit pas dans une esthétique jazzistique pure, les qualités

1300 1826 1072 44 des musiciens réussiront sans doute à - faire passer la barrière » à Cortex

1298 1855 1076 51 qui mérite un public plus large et plus enthousiaste que celui de l’ARC

1298 1882 136 49 ce soir la

2160 1896 218 66 Bruno Régnier.

1472 1970 721 64 PRIX DE L'ACADÉMIE DU JAZZ

1301 2028 1064 100 • L'Académie du Jazz décerne au cours de la soirée organisée le 4 décembre

1301 2060 1070 71 1974, aux Chevaliers du Temple, 33, rue des Rosiers, Paris (4e), ses prix

1298 2110 466 43 annuels pour l’exercice 1974-1875,

1298 2135 848 55 Prix DIANGO REINHARDT : le guitariste IOSEPH DEIEAN.

1294 2176 833 47 Prix SIDNEY BECHET : le saxophoniste André VILLEGER.

1294 2210 1082 50 Prix JAZZ TRADITIONNEL : Intégrale des MAC KINNEY'S COTTON PICKERS.

1319 2245 860 41 R.C.A. Victor 741.080/088/103 — FPM-1 - 7007 et FXM-1 — 7059

1292 2274 1088 49 Prix JAZZ CLASSIQUE : Coleman HAWKINS . « Sirius » - Pablo (Polydon)

1319 2309 117 45 2310 707.

1294 2336 1078 49 Prix JAZZ MODERNE : Sonny ROLLINS . « Sonny Rollins and Co » - R.C.A. -

1319 2371 236 47 Victor FPI2-7036.

1294 2401 1086 54 Oscar: SAM RIVERS . - In Montreux . - - Streams - - Impulse (Pathé¬

1317 2436 240 44 Marconi) AS9251.

1292 2453 1086 64 PrIX BORIS VIAN: PERCEPTION . « Mestart » - Le Chant du Monde

1319 2494 158 49 LDX 74.555

1290 2529 1086 45 Prix FATS WALLER : Dizzy GILLESPIE - « In the Beginning » - Prestige

1316 2562 389 45 (Musidisc-Europe) PR 24030

1292 2592 1084 46 Prix BILLIE HOLIDAY : Sarah VAUGHAN - - Live in lapan » - Mainstream

1316 2623 263 43 (Sonopresse) 2401.

1304 2636 1061 76 Prix MAHALIA JACKSON : THE STARS OF FAITH - - Of Black Nativity -

1317 2691 451 45 Black and Blue (Barclay) 33.065.

1295 2704 1044 70 Prix BIG BILL BROONZY : Ex æquo Mickey BAKER « The Blues and Me

1321 2712 1033 88 et Willie MABON « Shake that Thing » A melostace Buas an as.

1314 2779 571 46 (Barclay) respectivement 33.507 et 33.506

1290 2812 926 47 Prix OTIS REDDING : THE WILD MAGNOLIAS - Barclay 80.528.

1292 2851 1082 45 Prix = IN MEMORIAM» 79 : Duke ELLINGTON - - Souvenirs - (coffret de

1321 2876 1036 47 5 microsillons) - Reprise (Atlantic-Wea-Filipacchi) 64021 ains

1317 2899 1053 59 Ellington - 67.264, 68.275, 88.000

1316 2931 452 54 Ellington - 67.264, 68.275, 88.000

1290 2989 474 57 ILS ONT PUIE LEUR OMBRELLE

1349 3032 1023 56 Le tromboniste Georges Brunis (Brunies) vient de mourir à l’âge de

1292 3061 1078 53 7a ans. Né à la Nouvelle-Orléans, il appartenait à la seconde génération

1292 3098 1074 43 des musiciens blancs de la ville. Il débuta à 8 ans dans l’orchestre du

1294 3126 1074 42 légendaire Papa lack Laine avant de trouver la gloire à Chicago en 1919

1298 3153 1066 43 avec les New Orleans Rhythm Kings dirigé par son frère Abbie. Ensuite, il

1292 3180 1076 43 fit longtemps partie de l’orchestre de Ted Lewis. Le mouvement Revival

1294 3207 1072 41 lui donna l’occasion d’enregistrer abondamment avec des groupements dixie¬

1292 3235 1078 46 land tels ceux de Muggsy Spanier, Bobby Hackett. Wingy Manone, Sharkey

1294 3260 782 55 Bonano. C'était un des pionniers du style - Tail gate

2320 3307 56 72 21
