2480 3508
169 81 334 71 CONCERTS

175 986 1080 50 Cornelius Boyson (basse) et Willie Hayes (batterie) et continua

177 1021 1074 52 ainsi par quelques autres interprétations telles que Sweet lit¬

177 1060 1072 50 tle Angel, I walked all night long, etc. Se servant à l’occa¬

181 1101 1074 50 sion d’un tube métallique sur son auriculaire gauche pour des

181 1132 1072 56 effets de glissando, il produisit une musique quasi-magique et

179 1177 912 50 évoquant celle de Lightnin' Hopkins et Elmore James

177 1220 1078 46 Cette première partie se termina par une séquence assurée

179 1258 1074 53 par Willie Mabon au vocal, au piano et à l’harmonica avec la

181 1296 1072 48 même section rythmique. Il interpréta quelques solides thèmes

181 1333 1070 52 de son cru (I don’t know, Shake that thing, Starvation entre

181 1370 1070 52 autres), mais il est évident qu’après l’effet de choc et de sur¬

179 1407 1072 54 prise provoqué par le passage de Louisiana Red, les presta¬

179 1444 1076 54 tions de Mabon déja bien connu du public parisien parurent

179 1488 421 49 moins impressionnantes

181 1525 1074 53 Après l’entracte ce fut au tour du chanteur-quitariste Mighty

185 1566 1066 55 Joe Young d’occuper le plateau avec son groupe (Boyson,

183 1603 1072 51 Hayes et le pianiste blanc Ken Sajdak). Excellent technicien de

183 1642 1074 53 la guitare, Young se dépensa sans compter sur son instrument

181 1681 1076 49 nommé Joséphine (tout comme Lucille est le nom de la guitare

181 1718 1076 47 de B.B. King), tant dans de longs blues lents instrumentaux

183 1752 1072 52 que dans de magnifiques blues vocaux tels que Things I

183 1792 1072 51 used to do et Chicken Heads, le tout très évocateur de la

181 1830 1074 52 musique de B.B. King. Ses accompagnateurs furent excellents

181 1868 1076 49 aussi et on notera le jeu moderne et efficace de Hayes à la

181 1907 1076 51 batterie tandis que Sajdak joua et chanta même dans un style

181 1946 152 51 très noir.

183 1985 1078 51 En résumé, une superbe tournée qui gagnait même en densité

185 2020 1072 55 ce qu’elle perdait en quantité. En fait, c’est cette formule qui

183 2063 1074 53 permet aux artistes de s’exprimer le mieux et qui donne aux

183 2100 1074 51 concerts l’unité et l’homogénéité qui manquait à feu l’American

183 2139 1072 49 Folk Blues Festival. Du même coup, le public y est plus récep¬

185 2174 1056 53 tif et plus sympathique, ce qui fut le cas ce 2 décembre 1976.

922 2217 339 49 Jacques Demètre

183 2297 784 57 VIBRA PUISSANCE QUATRE A L’ESPACE

181 2397 1082 50 Gary Burton (vb), Pat Metheny (g), Steve Swallow (f-b),

183 2440 883 50 Dan Gotlib (dr). Espace Cardin, le 3 décembre.

183 2488 1078 47 Beaucoup ont manqué ce concert annoncé à l’origine pour le

191 2525 1064 51 12 à Radio-France... pour la plus grande joie des » vrais fans»

185 2564 1074 49 qui, avertis à temps, purent goûter dans des conditions

185 2601 1074 51 d’écoute exemplaires ce quartet de rêves. Même les éléments

183 2640 1076 47 naturels semblaient dialoguer avec les mailloches magiques

185 2675 1076 51 du vibra à la bouille de ranger. Sweet Rain s’acheva en effet

185 2716 1074 51 sur le doux murmure (l’expression est de Cressant) des gout¬

187 2759 470 47 tes d’eau sur le toit en zinc.

185 2802 1074 51 Trève de plaisanterie, cette formation est à ce point exem¬

185 2841 1074 53 plaire qu’elle ne laisse guère de prise au critique pour en par¬

187 2880 1074 47 ler. Disons d’abord que ce quartet est différent: l’univers de

187 2917 1070 51 Gary Burton ne renvoie ni au blues, ni au Country et Western,

185 2952 1072 53 ni à aucun genre connu et ses emprunts thématiques à Jarrett

187 2993 1070 49 et à Carla Bley ne traduisent qu’un attrait immodéré pour les

185 3030 1074 51 harmonies originales. On penserait parfois à Paul Bley si l’ex¬

185 3069 1074 49 traordinaire vélocité, le côté sainement extraverti du vibra¬

185 3106 1076 53 phoniste ne s’inscrivait en faux contre un parallèle avec l’un

185 3143 1074 53 des musiciens les plus secrets de notre époque. Tout de

187 3184 1074 45 même, Carla, Metheny, Swallow... Ne parlons plus de Burton

187 3219 1072 51 improvisateur : il est devenu diabolique. Comment peut-on

187 3258 1072 53 faire preuve d’une telle invention à une telle vitesse? Plus que

191 3317 52 52 30

1380 171 1080 51 la vélocité des poignets, c’est l’agilité de l’intelligence qui est

1382 210 1070 51 ici sublime. Metheny et Swallow, de chaque côté du leader

1380 249 1074 47 (a-t-on remarqué que, comme dans la musique indienne, les

1380 286 1074 49 musiciens se saluent, se sourient après un beau solo ?), ap¬

1380 323 1078 49 portent à la formation un équilibre qui se manifeste par une

1382 362 1078 45 même approche lyrique de leurs guitares (Swallow est avec

1380 397 1076 51 Pastorius, un autre ex-Bley, le seul lyrique de la fender), par

1382 434 1074 51 une même qualité de son. Encore aurait-on aimé entendre ce

1382 475 1072 53 dernier légèrement plus amplifié. Le nouveau venu à la batterie

1380 514 1078 51 remplace avantageusement Bob Moses que j’ai toujours trouvé

1380 553 1078 49 assez corny pour ma part. Plus attachant en accompagnement

1380 590 1078 51 que lors de son unique solo un peu brouillon, il a parfaitement

1380 627 1076 49 compris la sorte de rebondissement, la qualité de rondeur

1382 666 1076 45 qu’appelle la rythmique burtonienne. Le tout, plus que dans

1380 703 1076 51 l’huile, baigne dans le bonheur. Plaisir de jouer, plaisir d’être

1382 742 1072 47 aimé par un public de connaisseurs qui n’en perdit pas une

1380 779 1072 51 bouchée et rappela le groupe sur scène à plusieurs reprises.

1382 818 1074 49 C’est pour des concerts comme celui-ci, parfait sur tous les

1380 857 862 49 plans, que nous nous prenons à aimer la musique.

2144 904 324 52 Laurent Goddet.

1384 1044 571 55 JOHNNY « GUITAR» WATSON

1382 1167 593 51 Paris, Bataclan, le 8 décembre

1384 1216 1082 46 Profitant d’un passage à Paris coïncidant avec la remise de

1388 1255 1074 48 son prix de l’Académie du Jazz, Johnny «Guitar » Watson don¬

1386 1292 1076 52 nait le lendemain un concert devant un parterre de fanatiques

1386 1333 286 48 des plus réduits.

1390 1379 1074 53 J.G.W. est un magnifique jeune homme de quarante ans pas¬

1388 1418 1074 53 sés, virtuose de la guitare, showman exceptionnel et musicien

1386 1455 1074 51 de rhythm’n’blues au sens large (soul, funk, rock, blues tradi¬

1386 1492 1074 51 tionnel). Toutes ces qualités se confondent : la guitare est une

1386 1531 1076 51 projection du corps tout entier, Watson fait plus que discourir

1388 1570 1072 53 avec elle, il (ou elle) la (le) possède. Le grand ART NOIR total,

1390 1609 1072 49 voix-danse-musique, tout cela est indissociable de l’étonnante

1388 1646 1074 55 personnalité de Johnny « Guitar » Watson. Découvert l’an der¬

1388 1681 1074 53 nier au sein de la routinière tournée de George Wein, il avait

1390 1722 1070 49 volé, sans mal, au-dessus d’un lot de vedettes confirmées. lci,

1388 1759 1074 51 comme dit Maurice Cullaz, il a fait son « truc». Enthousiasme

1388 1798 733 53 indescriptible de la (bien trop) maigre salle

2212 1835 258 49 Jean Buzelin

1384 1954 376 55 LE NO ET LE FREE

1386 2075 852 53 Les 13 et 14 décembre au Cinéma le Palace.

1388 2118 1076 58 Deux soirées exceptionnelles au Palace, 8, rue du Faubourg¬

1390 2163 1072 52 Saint-Martin, qui donnèrent lieu à une véritable synthèse entre

1390 2204 1074 52 le Nô japonais moderne — voire même d’avant-garde — et le

1388 2243 156 50 free jazz.

1386 2299 1082 53 D’un côté le grand acteur et danseur japonais Shiro Daimo, qui

1392 2342 1074 49 a mené l’art millénaire du Nô jusqu’à l’avant-garde avec le

1390 2377 1074 53 concours de quatre prodigieux acteurs-danseurs, assisté d’un

1390 2418 1076 45 extraordinaire percussionniste : le Japonais Toshiyoki Tsu¬

1388 2455 813 51 chitori. De l’autre Steve Lacy et Muhammad Ali.

1390 2521 1084 45 Acteur doué d’une personnalité très forte, poète, danseur à la

1392 2558 1078 45 technique superbe, Shiro Daimo a montré qu’il n’y avait

1392 2595 1078 55 aucune brèche, aucune solution de continuité entre l’art

1390 2634 1078 51 modernisé, réunifié, renouvelé du Nô, et les formes les plus

1390 2673 315 51 modernes du jazz.

1390 2740 1082 48 Ce qui est prodigieux, insolite, incroyable, c’est que Shiro

1390 2781 1078 46 Daimo et le fantastique percussionniste Toshi semblent se

1392 2816 1076 50 mouvoir avec une aisance égale dans le contexte de la New

1394 2855 1078 48 Thing et que Steve Lacy et Muhammad Ali improvisaient avec

1394 2892 1074 50 feu et précision, avec inspiration et rigueur, sur les chorégra¬

1392 2929 1076 52 phies suggestives, sur les rythmes hiératiques mais fréné¬

1394 2975 276 45 tiques de Toshi.

1392 3012 1082 55 Mais ce qui est plus étonnant encore, c’est qu’à la fin du

1394 3053 1076 55 spectacle, saisis par la musique de jazz, Shiro, Daimo et Toshi

1395 3096 1075 47 se sont mis à swinguer, l’un par ses danses, l’autre par sa

1394 3131 1074 55 percussion, sur la musique de Lacy et de Muhammad Ali. L’at¬

1392 3170 1076 49 mosphère devenait «All Night Long », comme en plein cœur

1394 3207 1043 55 de Chicago, de Harlem, ou au fin fond de l’État du Mississipi.

2168 3258 308 51 Maurice Cullaz.
