2480 3167
116 79 139 58 Devinore,
286 82 108 57 Maurice
434 77 108 64 Cevrero
583 89 18 53 et
632 82 108 62 Bernard
780 83 105 63 Camus,

112 126 37 44 Les
183 127 169 46 saxophones
386 129 55 44 sont
469 130 114 45 conduits
617 132 37 44 par
685 132 73 45 Henri
786 134 95 44 Poulet.
909 135 9 43 Il
946 135 0 44 y
980 136 0 43 a
1017 136 18 44 au
1069 137 99 44 baryton

112 168 67 45 Louis
216 169 137 45 Canillard,
380 170 30 45 fils
446 170 20 45 du
503 170 184 47 saxophoniste
724 171 47 47 bien
811 172 93 47 connu,
931 173 10 46 a
968 173 57 47 lalto
1065 173 104 48 Bernard

114 205 117 39 Duplaix.
261 206 37 38 Les
337 206 117 40 solistes,
487 207 18 40 au
544 207 166 42 saxo-tenor,
740 209 54 41 sont
827 209 42 42 Jeff
902 209 99 44 Seaffer
1038 210 18 44 et
1089 211 90 44 Daniel

116 235 124 51 Ventosa.
275 237 95 51 Notons
413 239 39 51 que
494 240 145 52 lexcellent
678 242 153 46 saxo-tenor
870 245 60 45 Alain
976 246 70 46 Hatot
1085 248 92 47 navait

112 274 19 46 pu
172 275 16 46 se
230 276 80 46 rendre
352 277 67 46 libre.
451 279 67 45 Piano
557 280 0 44 :
589 280 9 45 le
640 281 160 46 merveilleux
839 284 92 44 Michel
963 285 125 44 Graillier,
1117 287 10 43 a
1156 288 9 42 la

114 314 169 39 contrebasse
322 315 0 39 :
352 316 84 39 Didier
466 316 120 41 Levallet.
616 317 43 41 Aux
698 318 168 43 percussions
902 319 18 43 et
953 320 9 42 a
989 320 9 43 la
1038 320 135 45 batterie:

114 344 72 42 Serge
226 347 95 42 Biombi
350 349 20 41 et
399 351 138 41 Jean-Paul
566 354 118 41 Batailley

114 381 93 44 Succes
249 383 136 43 triomphal
421 385 93 42 devant
550 386 36 42 une
631 387 55 41 salle
731 389 180 41 archi-comble
956 391 21 40 de
1020 392 147 40 lorchestre

112 416 18 40 de
168 418 91 41 Claude
298 421 154 43 Cagnasso.

111 453 10 41 le
154 454 55 41 vous
239 455 108 42 rappelle
380 457 26 40 les
435 457 151 42 references
615 460 20 40 de
668 460 36 41 son
737 461 98 41 dernier
861 457 151 47 microsillon
1044 465 0 40 :
1103 459 63 47 Head

111 492 76 48 under
220 493 49 43 legs
308 494 17 40 ,
361 494 69 43 VEGA
476 495 92 46 19.129.

885 533 106 44 Maurice
1039 535 136 45 CULLAZ.

374 615 0 43 A
416 616 69 43 PLEIN
528 617 60 43 JAZZ
627 618 48 43 SUR
714 619 39 43 LES
796 620 93 43 PISTES

364 659 19 48 LE
432 660 139 50 FESTIVAL
616 663 26 48 DE
690 664 214 50 SUPER-BESSE

110 737 131 54 Organise
271 740 23 47 du
331 740 0 45 4
369 741 18 44 au
432 742 15 44 11
485 743 90 46 janvier
608 745 38 46 par
683 746 60 47 Marc
785 747 131 50 Laferriere
957 750 52 45 aide
1043 751 19 41 de
1103 752 71 38 Mon

107 777 61 48 sieur
197 778 119 48 Lutinier,
341 779 123 51 directeur
497 780 18 50 du
551 780 83 50 V.V.F.
659 781 22 49 de
717 781 198 49 Super-Besse,
940 782 58 48 dans
1031 783 10 47 le
1078 783 90 47 Massif

109 839 71 23 EClitI
194 839 27 20 dI,
252 839 0 17 d
296 842 35 14 diic
374 842 176 17 Cirigdaritailic
592 842 18 18 de
652 842 144 21 Niicilictres
838 842 18 22 de
898 842 273 27 Clermnonit-rerrand,

101 849 14 41 lle
155 850 107 42 premier
293 852 112 41 Festival
434 853 0 40 :
506 854 0 40 A
549 855 57 40 plein
641 856 49 40 Jazz
727 857 34 39 sur
796 858 29 39 les
862 859 118 39 Pistes
1017 861 0 38 a
1054 861 38 38 ete
1126 862 35 38 une

107 885 103 41 reussite
251 887 116 42 integrale
408 890 16 40 et
458 890 0 41 a
499 891 73 42 connu
612 892 19 43 un
672 893 119 45 immense
832 896 88 45 succes

107 930 22 46 Au
178 931 64 44 point
283 932 20 41 de
348 933 38 39 vue
431 934 183 46 atmosphere,
649 937 10 38 je
704 937 93 45 navait
835 939 80 40 jamais
960 940 100 44 assiste
1098 942 10 43 a
1143 943 19 44 un

109 969 110 46 Festival
253 970 19 40 de
319 971 60 45 jazz,
416 972 29 39 ou
482 972 110 39 lamitie,
630 973 9 39 la
686 974 217 42 comprehension
950 976 148 43 reciproque
1145 978 15 42 se

105 1001 82 43 soient
214 1003 85 42 autant
325 1004 150 43 manifestes
511 1006 76 43 parmi
613 1008 27 41 les
675 1009 171 42 musiciens...
872 1011 38 41 que
943 1012 29 41 les
1007 1013 156 42 differences

104 1039 66 48 dage
212 1040 16 42 et
261 1041 20 40 de
320 1041 56 41 style
418 1042 154 44 semblaient
605 1044 65 44 avoir
706 1044 174 48 rapproches.

106 1080 81 43 Quant
220 1081 9 42 a
256 1081 12 43 la
304 1082 111 43 musique
454 1083 36 43 elle
529 1084 0 42 a
568 1084 39 43 ete
638 1085 48 43 dun
725 1085 57 44 bout
812 1086 9 43 a
851 1086 78 45 lautre
968 1087 66 45 dune
1073 1088 93 45 qualite

102 1119 44 39 rare
186 1120 54 40 avec
281 1121 37 40 des
356 1121 123 43 moments
516 1123 148 44 dintensite
696 1124 191 47 remarquables

105 1157 7 44 Il
143 1158 49 45 faut
220 1159 21 44 en
279 1159 63 46 avoir
376 1161 35 45 une
449 1162 91 46 grande
578 1163 223 49 reconnaissance
839 1167 10 45 a
877 1167 63 47 Marc
978 1169 132 47 Laferriere
1149 1171 20 46 et

101 1199 10 38 a
140 1199 118 45 Lutinier.
287 1201 46 47 Lan
372 1201 135 48 prochain,
536 1203 36 47 jen
615 1203 16 44 ai
660 1204 50 41 bien
749 1205 69 47 peur,
847 1205 10 45 le
899 1206 82 43 V.V.F.
1014 1207 16 40 de
1073 1207 95 40 Super

105 1233 74 40 Besse
217 1235 82 39 pourra
338 1236 8 39 a
376 1237 66 39 peine
480 1238 112 40 contenir
625 1240 28 38 les
688 1241 137 39 nombreux
861 1243 123 39 amateurs
1022 1245 20 38 de
1080 1246 79 38 sports

102 1270 90 40 dhiver
226 1272 39 39 qui
293 1273 89 40 aiment
413 1274 9 39 la
461 1275 109 40 musique
612 1277 17 39 de
668 1278 59 39 jazz.
758 1279 129 40 Amateurs
926 1281 73 40 venus
1038 1282 17 40 de
1094 1283 62 40 toute

98 1303 14 42 la
153 1304 85 43 France
279 1306 17 42 et
330 1306 72 44 aussi
433 1308 37 43 des
511 1309 113 45 environs
665 1311 17 44 de
723 1312 10 44 la
771 1313 103 45 station.

101 1349 157 42 Lorchestre
292 1351 18 41 de
344 1352 62 41 Marc
439 1353 151 43 Laferriere,
615 1355 27 42 les
676 1356 46 42 Jazz
753 1356 28 43 O'
805 1357 129 44 Maniacs,
959 1359 28 43 les
1024 1359 142 46 Swingers,

103 1386 10 37 le
156 1387 58 38 Four
254 1387 95 40 Bones,
383 1388 28 40 sy
454 1389 55 40 sont
546 1390 157 42 distingues,
740 1391 136 44 etonnant,
909 1393 37 43 par
986 1393 28 44 les
1057 1394 105 45 progres

101 1421 155 43 accomplis,
286 1423 70 41 meme
397 1424 59 41 leurs
494 1426 150 41 supporters
679 1428 30 40 les
747 1428 47 41 plus
832 1429 212 42 enthousiastes.
1076 1432 82 40 Danny

100 1458 69 38 Doriz
202 1459 39 39 fut,
269 1460 27 39 lui
326 1461 69 39 aussi
422 1462 195 42 sensationnel,
645 1464 57 41 avec
738 1465 66 42 Rene
834 1466 69 43 Franc
939 1468 9 41 a
975 1468 9 42 la
1024 1468 141 45 clarinette,

100 1493 103 41 Gabriel
232 1495 141 41 Garvanoff
400 1497 21 40 au
456 1497 85 42 piano,
565 1499 156 42 Jean-Pierre
756 1501 77 42 Mulot
859 1502 9 42 a
894 1503 12 41 la
941 1503 168 44 contrebasse
1147 1506 18 42 et

101 1527 94 45 Michel
223 1529 72 44 Denis
330 1530 9 43 a
367 1530 10 43 la
414 1531 117 43 batterie.
559 1532 129 43 Stephane
725 1534 141 43 Grappelli,
895 1536 47 41 bien
980 1537 185 42 accompagne

99 1567 37 44 par
164 1568 70 44 Eddie
268 1569 123 45 Bernard,
412 1571 57 43 J.-P.
494 1572 75 43 Mulot
598 1573 15 42 et
642 1573 25 43 A.
689 1574 147 43 Delpuech,
861 1576 19 42 fit
908 1576 38 42 une
981 1577 175 43 eblouissante

98 1606 139 44 prestation
274 1607 37 44 qui
342 1607 71 44 laissa
449 1608 50 43 tout
530 1608 9 43 le
576 1608 86 44 monde
702 1609 111 43 pantois.

99 1641 23 44 Le
163 1642 33 47 trio
241 1643 19 50 de
309 1644 112 52 Georges
466 1647 127 50 Arvanitas
638 1649 56 52 avec
735 1651 67 50 Jacky
847 1652 105 49 Samson
997 1655 19 46 et
1053 1655 105 46 Charles

102 1682 118 40 Sandrais
250 1684 57 39 nous
340 1685 77 39 regala
450 1686 66 39 dune
549 1687 109 40 musique
691 1689 49 39 tout
765 1690 8 38 a
798 1690 11 39 la
842 1690 38 40 fois
913 1691 126 41 muselee,
1064 1693 93 40 vivante

101 1718 16 46 et
152 1719 103 44 subtile.
290 1720 61 41 Avec
392 1721 36 44 cet
463 1722 260 48 accompagnement
758 1725 67 46 Rene
867 1726 96 46 Thomas
1005 1727 19 45 se
1065 1728 90 45 montra

98 1754 57 38 sous
194 1755 36 38 son
272 1755 109 40 meilleur
417 1756 60 40 jour.
510 1757 24 40 Un
576 1758 36 40 des
654 1758 87 42 grands
780 1759 136 44 musiciens
958 1760 111 45 actuels,
1099 1762 63 44 cest

96 1791 112 44 evident.

98 1828 65 45 Luter
197 1830 135 44 athletique
369 1832 19 43 et
418 1833 108 43 bronze,
554 1835 58 42 etait
640 1837 55 41 venu
735 1838 22 40 de
794 1839 104 41 Megeve
938 1841 59 39 pour
1031 1843 129 39 retrouver

98 1870 102 46 Maxime
245 1872 93 45 Saury.
373 1873 100 46 Chacun
517 1875 36 38 des
598 1876 179 41 clarinettistes
822 1878 16 40 se
886 1879 122 42 defonca.
1043 1881 48 42 Puis
1136 1882 19 42 ils

96 1905 117 45 jouerent
241 1907 9 43 a
274 1907 59 43 deux
367 1908 159 43 clarinettes.
554 1910 49 41 Puis
637 1911 9 41 il
674 1912 0 40 y
707 1912 37 40 eut
772 1913 18 39 un
861 1914 71 39 buf
996 1915 6 38 a
1030 1916 27 38 six
1091 1916 68 38 clari

95 1938 77 44 nettes
206 1940 55 43 avec
295 1941 18 43 en
347 1941 46 43 plus
427 1942 19 43 de
479 1943 68 43 Luter
575 1944 18 43 et
621 1945 18 42 de
673 1946 92 43 Saury,
790 1947 132 43 Erickson,
950 1949 117 43 Richard,
1091 1951 68 42 Rene

95 1975 68 39 Franc
203 1977 18 38 et
255 1978 95 40 Michel
381 1979 142 42 Catebras.
553 1982 169 44 Linfatigable
765 1985 68 43 Eddie
873 1987 126 45 Bernard,
1030 1989 129 46 Galeazzi,

96 2007 86 45 Mulot,
216 2009 105 45 Philippe
358 2012 126 43 Baudoin,
521 2015 74 42 Teddy
635 2017 101 41 Martin,
767 2019 126 41 Delpuech
936 2022 19 39 et
989 2023 9 38 le
1041 2024 49 38 Pere
1133 2026 19 37 de

90 2046 57 42 Fatto
190 2048 17 41 en
251 2049 90 43 etaient
375 2051 26 42 les
442 2052 271 48 accompagnateurs.

94 2086 21 45 Le
152 2087 31 45 trio
224 2088 20 45 de
282 2089 88 46 Daniel
401 2091 95 46 Humair
531 2093 54 45 avec
623 2095 115 46 Georges
776 2098 119 46 Locatelli
926 2100 10 44 a
963 2101 11 44 la
1011 2101 89 46 guitare
1141 2104 17 44 et

97 2128 74 44 Henri
203 2130 76 46 Texier
315 2131 9 40 a
353 2132 10 46 la
404 2132 170 45 contrebasse
616 2135 16 46 se
670 2136 52 45 livra
760 2137 10 43 a
799 2138 19 42 de
860 2139 169 41 fantastiques
1068 2142 90 37 impro

97 2165 117 38 visations
251 2167 169 38 (notamment
452 2169 36 37 sur
519 2170 19 37 un
574 2171 76 37 theme
689 2172 18 37 de
746 2173 115 38 Coltrane
897 2175 32 37 et,
955 2176 81 37 aussi,
1064 2177 37 37 sur
1135 2178 18 37 un

97 2199 36 40 des
176 2200 95 46 themes
316 2202 17 46 du
378 2203 82 43 disque
506 2205 72 48 SABA
624 2207 55 46 S.B.
719 2208 95 45 15.132,
850 2210 75 43 grave
961 2212 39 41 par
1039 2213 115 40 Georges

94 2236 87 39 Gruntz
214 2238 55 38 avec
308 2239 96 40 Humair
434 2241 18 39 et
482 2241 108 41 dautres
627 2243 135 42 musiciens
798 2245 57 42 dont
885 2246 81 43 quatre
1009 2248 150 44 Tunisiens),

93 2269 211 44 improvisations
343 2272 36 42 qui
412 2273 168 43 emballerent
613 2276 49 42 tous
704 2277 27 41 les
770 2278 135 43 musiciens
947 2280 151 43 participant
1134 2283 18 41 au

94 2306 120 44 Festival,
235 2308 45 42 Dan
316 2309 148 44 Vernhettes
494 2311 18 42 et
536 2312 27 42 les
596 2313 78 42 autres
704 2314 126 43 membres
860 2316 18 42 de
912 2317 45 42 Jazz
990 2318 24 41 O'
1041 2318 111 43 Maniacs

92 2345 66 39 etant
192 2346 75 41 parmi
297 2348 27 40 les
363 2348 46 42 plus
448 2349 212 47 enthousiastes.

95 2387 44 46 Guy
182 2388 77 48 Lafitte
302 2390 57 46 nous
399 2391 94 44 semble
536 2393 64 41 jouer
637 2394 110 48 toujours
790 2396 90 42 mieux.
914 2398 10 40 Il
957 2398 20 42 se
1021 2399 137 47 dechaina,

92 2424 43 40 fort
169 2425 46 40 bien
258 2426 101 41 soutenu
402 2428 38 40 par
477 2429 66 40 Eddie
586 2430 124 41 Bernard,
741 2432 75 41 Mulot
854 2433 17 41 et
908 2434 75 41 Teddy
1023 2435 99 42 Martin.

95 2466 37 40 Bill
157 2467 120 42 Coleman
308 2469 182 44 accompagne
515 2472 47 42 soit
588 2474 37 42 par
650 2475 29 42 les
713 2475 126 45 Swingers
870 2478 19 43 et
914 2478 28 44 les
977 2479 56 45 Four
1062 2481 94 45 Bones,

91 2507 45 36 soit
166 2508 37 35 par
235 2508 27 36 les
299 2509 143 36 Swingers,
469 2511 45 35 soit
546 2511 37 36 par
613 2512 10 35 la
660 2512 133 37 rythmique
833 2514 37 35 des
907 2515 126 36 Swingers
1070 2516 84 36 (Gam

91 2542 56 38 bus,
174 2543 132 40 Galeazzi,
334 2544 102 41 Martin)
466 2546 145 41 demontra,
638 2547 37 41 une
712 2548 40 42 fois
789 2549 19 42 de
847 2549 65 43 plus,
940 2550 55 43 quil
1023 2551 135 45 demeure,

93 2575 190 49 haut-la-main,
319 2578 17 46 un
382 2579 36 45 des
463 2580 46 45 plus
552 2581 88 45 grands
683 2582 137 44 musiciens
863 2584 20 43 de
925 2585 62 42 toute
1033 2587 115 41 lhistoire

93 2612 17 44 du
149 2613 46 46 jazz
231 2614 16 39 et
280 2614 72 41 aussi
382 2615 10 41 le
431 2616 111 42 meilleur
575 2618 167 44 trompettiste
782 2620 19 43 de
841 2621 19 43 sa
900 2621 164 46 generation.

91 2658 121 39 Agreable
250 2659 126 40 surprise,
402 2661 60 39 pour
494 2661 55 40 ceux
583 2662 40 40 qui
652 2663 17 40 ne
707 2663 8 40 le
756 2664 198 42 connaissaient
986 2666 37 41 pas
1060 2666 87 43 encore

91 2691 54 42 sous
185 2692 35 41 cet
254 2693 101 42 aspect,
386 2695 26 40 les
452 2696 253 42 super-swinguants
745 2700 46 39 soli
823 2701 20 38 de
883 2702 75 38 violon
998 2704 38 37 par
1076 2705 72 37 Teddy

91 2728 80 41 Martin
214 2730 83 41 jouant
334 2732 18 40 en
395 2733 120 43 quartette
558 2735 68 43 (avec
669 2737 126 44 Gambus,
828 2739 123 45 Galeazzi
985 2742 15 43 et
1037 2742 108 46 Badini..

86 2767 10 38 a
127 2767 10 39 la
175 2768 132 45 batterie).

91 2801 63 48 Autre
196 2803 105 48 surprise
340 2806 10 45 la
389 2807 154 46 prestation,
573 2810 114 45 pendant
720 2812 10 43 la
766 2813 29 43 jam
845 2815 98 43 session
982 2817 85 42 finale,
1100 2819 46 41 dun

91 2845 122 45 drummer
258 2847 160 42 clermontois
466 2850 0 37 :
505 2851 106 45 Maurice
659 2853 70 39 Favre
774 2854 119 46 (membre
941 2856 19 44 de
1008 2857 145 44 lexcellent

91 2881 170 44 groupement
300 2882 160 46 clermontois
502 2883 19 46 de
566 2884 55 46 J.-P.
656 2884 106 48 Salvat).

88 2925 68 46 Cette
193 2925 26 46 jam
268 2925 97 46 session
402 2925 68 45 finale
507 2925 161 45 comprenait
698 2925 48 53 cinq
784 2925 145 52 trombones
967 2937 0 36 :
1038 2937 97 44 Frick

86 2961 127 67 Fuentes,
246 2963 126 66 Gousset,
409 2965 71 68 Burer
517 2966 19 65 et
573 2967 136 64 Cadieux!
747 2968 84 62 Quatre
873 2970 150 68 trompettes
1070 2972 0 50 :
1102 2972 49 62 Bill,

1303 96 146 54 Chambon,
1483 102 116 51 Bouchet
1633 114 17 40 et
1685 98 155 60 Vernhettes
1865 99 1 59 !
1899 99 35 61 Six
1972 107 94 55 anches
2105 119 0 44 :
2139 110 98 56 Lafitte,
2272 105 91 63 Badini,

1303 149 77 40 Marc,
1404 150 66 41 Rene
1498 150 84 42 Franc,
1606 150 115 44 Erickson
1756 151 17 44 et
1797 151 129 47 Richard!
1951 152 62 47 Deux
2048 153 184 49 contrebasses
2260 154 0 48 :
2288 154 76 50 Mulot

1302 184 182 40 (contrebasse
1524 187 10 37 a
1567 187 104 39 cordes)
1705 189 19 38 et
1759 190 53 38 Bert
1844 191 59 38 Jouis
1943 192 273 41 (soubassophone)!
2250 196 105 39 Philippe

1303 219 108 39 Baudoin
1459 221 17 39 au
1523 222 85 40 piano,
1647 224 106 41 Maurice
1803 226 67 41 Favre
1917 228 94 41 relaye,
2050 230 111 42 ensuite,
2199 232 39 42 par
2285 233 73 43 Teddy

1302 256 78 39 Martin
1418 256 9 41 a
1456 256 12 42 la
1506 256 97 45 batterie
1632 256 0 43 !

1303 295 20 53 Et
1358 296 15 48 ce
1420 298 81 52 netait
1536 300 38 45 pas
1617 302 19 49 du
1679 303 77 48 tout...
1834 306 8 39 le
1884 307 136 48 potage
2058 309 105 49 (comme
2206 307 27 49 dit
2271 304 93 54 Michel

1302 337 91 39 Mirou)
1424 338 53 39 mais
1515 339 104 40 quelque
1659 340 73 41 chose
1772 340 19 42 de
1829 341 125 43 coherent
1986 342 19 43 et
2036 342 19 44 de
2096 343 40 44 tres
2177 343 107 47 excitant
2306 344 0 43 !

1304 373 118 38 Ajoutons
1458 375 8 37 a
1495 376 44 37 cela
1575 377 40 37 une
1651 378 112 38 causerie
1800 380 36 37 sur
1865 381 10 36 le
1912 381 44 37 jazz
1990 382 18 37 et
2039 383 37 37 une
2112 384 115 38 causerie
2264 386 34 37 sur
2329 387 29 37 les

1303 409 93 46 gospel
1430 410 77 43 songs
1547 412 37 39 par
1624 412 60 47 votre
1728 414 137 46 serviteur,
1898 415 17 46 et
1952 416 37 43 une
2035 417 111 47 causerie
2189 418 37 41 sur
2263 419 10 43 le
2316 419 44 47 jazz

1299 445 9 39 a
1336 445 92 41 leglise
1465 446 38 42 par
1535 447 9 42 le
1582 447 19 43 P.
1629 447 19 45 de
1685 448 60 46 Fatto

1301 482 51 53 Vive
1389 484 11 49 le
1441 484 114 54 prochain
1595 487 111 49 Festival
1739 489 18 45 de
1798 490 180 54 Super-Besse
2018 493 19 46 en
2081 494 92 50 janvier
2210 496 15 50 71
2251 524 0 0 !

2076 538 108 48 Maurice
2231 536 134 53 CULLAZ.

1511 650 65 42 BRER
1614 651 73 43 SOUL
1755 653 18 42 de
1808 653 103 44 MELVIN
1952 655 47 43 VAN
2037 656 123 44 PEEBLES

1622 694 122 42 distribue
1777 694 40 43 par
1853 694 174 48 POLYDOR!

1299 775 88 40 Enfin!
1420 777 25 39 Ce
1486 778 82 40 disque
1609 780 214 41 extraordinaire,
1856 783 19 39 on
1916 784 20 38 ne
1974 785 57 39 peut
2064 787 47 38 plus
2152 788 28 38 in,
2210 789 57 38 cette
2308 790 55 38 syn

1295 814 66 37 these
1399 816 154 38 fantastique
1594 819 19 36 de
1651 820 110 38 musique
1802 822 74 38 super
1909 823 167 41 expressive,
2106 826 74 40 super
2215 828 137 41 swingante

1293 851 17 37 et
1337 852 21 37 de
1393 852 82 39 poesie
1513 853 142 41 charnelle,
1681 855 130 41 humaine,
1837 857 115 41 realiste,
1978 858 124 42 ecartelee
2140 860 59 42 entre
2237 861 121 43 lhumour

1291 886 10 46 le
1343 887 49 44 plus
1428 888 49 45 noir
1510 889 20 41 et
1562 889 10 37 le
1615 890 141 45 pathetique
1798 892 10 45 le
1850 893 46 46 plus
1939 894 105 45 direct...
2106 896 55 44 Brer
2197 897 63 47 Soul
2282 898 17 41 ,
2332 899 19 42 de

1294 920 86 39 Melvin
1420 922 40 39 Van
1500 923 138 42 Peebles...
1669 926 34 40 est
1737 927 122 42 distribue
1887 929 40 42 par
1961 930 126 44 Polydor!
2117 932 22 43 La
2176 933 92 45 qualite
2302 935 49 45 hors

1294 957 78 38 serie,
1401 958 8 37 la
1449 959 161 39 singularite,
1642 961 107 38 limpact
1781 963 18 37 de
1842 963 35 38 cet
1909 964 219 39 enregistrement
2163 967 101 38 avaient
2296 968 62 38 vive

1295 995 64 44 ment
1398 995 80 44 frappe
1526 1020 74 21 Pienle
1648 1020 86 23 SberlO
1770 1023 115 17 rerligiit,
1911 1023 19 23 et
1972 1023 90 25 Gelard
2110 1023 89 25 berhar
2241 1023 39 25 qui
2321 1023 39 25 Ont

1293 1029 105 45 importe
1432 1030 17 46 ce
1490 1031 82 43 disque
1613 1032 0 44 A
1647 1032 34 45 and
1712 1033 0 40 M
1763 1033 38 47 des
1838 1034 157 42 Etats-Unis.
2026 1035 139 44 Reference
2206 1037 0 42 :
2240 1037 0 43 A
2274 1037 38 44 and
2339 1038 0 44 M

1294 1064 24 38 SP
1345 1065 57 38 4161
1435 1066 121 40 (stereo).
1580 1067 21 39 La
1637 1068 114 41 pochette
1787 1070 112 41 contient
1926 1071 9 41 le
1971 1072 57 42 texte
2064 1073 87 43 interal
2178 1074 19 42 en
2233 1075 117 44 anglais..

1290 1099 19 37 en
1346 1100 38 37 jive
1419 1101 18 37 et
1467 1101 10 38 la
1512 1102 139 39 traduction
1686 1104 19 38 en
1745 1105 107 38 francais
1889 1107 37 37 des
1964 1108 112 38 paroles.
2108 1110 64 38 Cette
2210 1111 139 39 traduction

1294 1136 0 37 a
1327 1137 39 37 ete
1390 1137 48 39 faite
1474 1138 36 39 par
1540 1139 84 40 Melvin
1663 1140 39 40 Van
1741 1141 103 41 Peebles
1877 1143 141 42 lui-meme,
2045 1145 54 42 aide
2126 1145 21 43 de
2180 1146 39 43 son
2255 1147 93 44 epouse

1290 1171 10 41 a
1326 1172 82 47 Harlem
1454 1173 20 47 et
1500 1174 55 46 dans
1591 1175 27 46 les
1654 1176 62 45 villes
1752 1177 20 45 et
1801 1178 138 45 faubourgs
1975 1180 19 43 de
2030 1180 20 43 ce
2086 1181 56 43 pays

1292 1221 23 47 Un
1355 1222 85 40 disque
1476 1223 196 42 indispensable
1711 1226 10 39 a
1751 1226 49 40 tous
1836 1227 56 40 ceux
1931 1228 36 40 qui
2000 1229 101 41 veulent
2134 1231 164 41 comprendre
2340 1233 10 40 la

1290 1258 128 45 musique,
1449 1260 10 40 la
1500 1260 81 45 poesie
1622 1262 19 43 et
1675 1262 69 44 aussi
1776 1264 9 42 le
1823 1264 103 42 langage
1970 1266 147 40 dynamique
2158 1268 19 39 et
2208 1268 85 39 image
2328 1270 18 37 du

1292 1294 84 44 peuple
1417 1295 19 43 de
1480 1296 100 43 couleur
1618 1297 34 42 des
1693 1298 176 43 Etats-Unis...
1900 1300 28 41 tel
1963 1301 66 41 quon
2073 1302 56 41 peut
2160 1303 29 40 les
2229 1304 116 40 entendre

1295 1331 142 41 francaise.

2079 1386 105 47 Maurice
2220 1386 137 53 CULLAZ.

1561 1481 49 47 UNE
1649 1482 111 47 STATUE
1800 1483 72 47 POUR
1914 1484 148 48 SATCHMO

1290 1585 26 38 Un
1361 1586 90 40 comite
1486 1587 103 41 preside
1621 1588 38 42 par
1695 1589 80 43 Benny
1816 1590 87 44 Carter
1938 1591 61 45 sest
2035 1591 131 48 constitue
2198 1593 39 44 aux
2279 1593 77 41 Etats

1293 1620 51 47 Unis
1382 1621 41 42 afin
1464 1622 109 47 delever
1607 1623 38 48 une
1686 1624 75 49 statue
1802 1625 20 48 de
1860 1626 68 47 Louis
1965 1627 144 46 Armstrong
2150 1629 58 44 dans
2245 1630 17 43 sa
2303 1630 45 43 ville

1290 1655 75 46 natale
1409 1656 17 47 La
1467 1657 120 41 Nouvelle
1631 1658 119 42 Orleans.
1788 1659 58 42 Vous
1887 1660 96 43 pouvez
2023 1661 110 44 envoyer
2170 1662 38 44 vos
2249 1663 58 44 dons
2348 1664 7 44 a

1291 1692 80 39 Benny
1411 1693 86 40 Carter
1534 1695 37 39 Clo
1617 1695 34 41 The
1691 1696 65 41 Louis
1799 1697 141 44 Armstrong
1983 1699 80 44 Statue
2106 1700 77 45 Fund,
2214 1702 58 45 P.O.
2306 1703 40 45 Box

1290 1726 88 49 60244,
1412 1728 41 48 Los
1494 1729 126 49 Angeles,
1654 1731 133 43 Californie
1832 1733 88 44 90054,
1958 1735 68 45 U.S.A

1285 1821 87 51 FLASH
1415 1822 0 45 -
1447 1822 86 51 FLASH
1577 1823 0 50 -
1608 1823 83 50 FLASH
1735 1824 0 49 -
1766 1825 87 48 FLASH
1896 1826 0 47 -
1928 1826 87 47 FLASH
2058 1827 0 46 -
2090 1827 86 55 FLASH
2220 1828 0 47 -
2251 1828 87 55 FLASH

1289 1942 10 47 Il
1337 1943 34 43 est
1412 1943 112 47 question
1569 1945 40 41 que
1654 1946 10 47 le
1712 1946 102 42 pianiste
1855 1947 34 42 Joe
1937 1948 105 43 Bushkin
2087 1950 64 42 fasse
2199 1951 89 43 revivre
2336 1952 10 43 le

1286 1981 98 38 celebre
1424 1982 46 38 team
1519 1983 55 38 SLIM
1623 1983 138 40 (Gaillard)
1792 1984 18 40 et
1844 1985 66 40 SLAM
1962 1985 135 42 (Stewart)
2129 1987 54 41 avec
2224 1987 11 42 Jo
2275 1988 69 42 Jones

1287 2016 94 44 comme
1424 2017 138 45 drummer.
1595 2019 67 39 Cest
1699 2020 10 44 a
1742 2020 127 41 Londres,
1903 2022 16 39 au
1963 2022 97 42 Royalty
2107 2024 93 42 Theatre
2247 2025 37 43 que
2327 2026 17 43 se

1285 2051 206 42 retrouveraient
1518 2053 29 41 les
1580 2053 56 42 deux
1668 2054 138 44 musiciens
1839 2055 16 44 au
1891 2055 69 45 cours
1992 2056 66 46 dune
2091 2056 190 49 manifestation
2317 2058 36 48 qui

1284 2088 49 40 sera
1370 2089 139 41 completee
1546 2090 36 41 par
1613 2091 9 41 la
1659 2091 136 43 projection
1831 2093 19 42 du
1884 2093 30 42 film
1961 2094 40 43 Pop
2037 2094 19 43 de
2093 2095 129 44 Monterey
2256 2096 18 44 et
2305 2097 37 44 une

1285 2123 141 43 exposition
1462 2125 17 42 de
1515 2126 141 43 sculptures
1691 2128 18 41 et
1738 2128 18 42 de
1791 2129 134 43 gravures.

1285 2246 10 39 Il
1319 2246 37 40 est
1382 2246 114 42 question
1529 2247 41 41 que
1603 2247 54 42 Stan
1693 2248 54 42 Getz
1780 2248 107 44 effectue
1921 2248 40 45 une
1994 2249 101 45 tournee
2131 2249 17 46 en
2185 2249 77 47 Israel
2285 2250 57 47 avec

1284 2285 50 43 Alan
1373 2286 175 45 Branscombe
1585 2289 56 43 (p);
1671 2289 80 44 Kenny
1791 2291 98 44 Napper
1923 2292 31 44 (b)
1988 2293 18 44 et
2037 2294 74 44 Bryan
2150 2295 86 45 Spcing
2276 2296 62 45 (dm)

1284 2401 0 39 A
1322 2401 123 41 Londres,
1471 2402 20 40 en
1526 2403 46 40 mai
1594 2403 136 41 prochain,
1755 2404 66 41 Frank
1859 2405 92 41 Sinatra
1985 2406 46 41 doit
2060 2406 95 42 donner
2183 2407 58 42 deux
2275 2408 63 42 galas

1282 2438 18 38 au
1336 2439 69 38 profit
1435 2439 64 39 dune
1535 2440 81 40 uvre
1649 2441 27 40 les
1715 2442 0 40 7
1745 2442 18 40 et
1790 2442 0 41 8
1827 2443 54 41 avec
1914 2443 147 44 lorchestre
2097 2445 18 43 de
2151 2445 82 44 Count
2263 2446 81 45 Basie,

1281 2473 25 39 Ce
1343 2474 98 40 dernier
1472 2475 179 41 entreprendra
1687 2477 57 40 sitot
1772 2478 70 40 apres
1875 2479 37 40 une
1948 2480 101 40 tournee
2086 2481 53 40 avec
2175 2482 9 39 le
2223 2483 120 40 chanteur

1283 2508 55 45 Tony
1376 2509 117 49 Bennett.

1281 2605 78 50 Avant
1394 2606 18 44 de
1454 2607 128 49 regagner
1620 2609 170 51 lArgentine,
1822 2611 57 48 Gato
1925 2612 113 49 Barbieri
2070 2613 0 42 a
2116 2614 145 49 enregistre
2296 2616 39 42 son

1277 2644 107 49 premier
1415 2645 64 42 album
1525 2645 61 44 pour
1653 2646 103 45 Impulse
1830 2647 0 45 :
1898 2647 85 48 Gatos
2018 2647 71 49 music
2125 2648 46 49 from
2217 2648 28 51 the
2284 2649 50 51 third

1276 2681 70 42 world
1387 2681 14 44 .

1279 2776 16 39 Le
1332 2776 44 40 Jazz
1406 2776 137 42 Musicians
1576 2776 161 44 Association
1770 2776 54 45 gere
1854 2776 20 46 un
1908 2776 110 47 nouveau
2055 2776 43 48 club
2135 2776 17 49 de
2188 2779 144 48 Greenwich

1279 2809 85 50 Village
1405 2811 10 45 a
1443 2811 44 49 New
1538 2813 68 49 York,
1634 2814 10 45 le
1719 2815 92 49 Record
1852 2817 41 48 Box
1934 2818 14 47 .
1978 2818 69 48 Cest
2081 2820 92 46 Horace
2214 2821 75 46 Silver
2323 2823 17 44 et

1274 2850 78 41 Jackie
1386 2851 105 42 McLean
1527 2852 36 42 qui
1590 2852 19 43 en
1645 2853 36 43 ont
1708 2853 39 44 fait
1774 2854 163 45 louverture.

1274 2964 92 63 Charlie
1402 2966 83 63 Haden
1521 2968 105 60 travaille
1662 2970 9 60 a
1697 2971 9 58 la
1741 2971 159 62 preparation
1935 2974 18 57 de
1988 2975 40 56 son
2063 2976 93 54 second
2191 2978 95 51 album.

2323 3031 0 73 a
