2480 3508
93 210 255 95 LIVRES

257 317 774 70 THE WORLD OE DUKE ELLINGTON

489 381 302 47 par Stanley Dance

358 415 564 60 (Charles Scribner's Sons, New Vork)

99 506 1090 70 Nous venons de recevoir des Etats-Unis ce bouquin relié (0,16

107 553 875 55 x 0,23) de 312 pages illustrée de 50 photographies.

105 578 1082 74 Si quelqu’un était particulièrement indiqué pour consacrer un

105 617 1082 63 ouvrage à Duke Ellington et son orchestre, c’est bien Stanley

103 648 1080 67 Dance qui, de tous les critiques de jazz est sans doute celur

105 687 1078 63 qui le connaît le mieux — l’homme comme son œuvre — ayant

103 726 1080 65 de tous temps été un fervent admirateur et un familier de l’or¬

103 781 130 43 chestre.

103 797 1084 66 On pouvait donc attendre de l’auteur une étude exhaustive de

103 841 1082 61 l’œuvre ellingtonnienne agrémentée de force considérations per¬

103 880 1082 65 sonnelles. Or tel n’est pas ce qu’a fait ici Stanley Dance, qui, au

101 914 1082 60 contraire s’est efforcé de rester dans la coulisse; se contentant de

103 949 1082 62 mettre en scène Duke, ses musiciens et ses familiers, les laissant

103 988 1082 62 parler, l’auteur est ainsi parvenu à brosser un portrait vivant,

103 1023 1080 56 des musiciens, de leur façon de vivre, de leurs conceptions mu¬

103 1056 1082 64 sicales, et ce depuis les temps héroïques des Washingtonians à

103 1108 160 45 nos jours.

105 1128 1086 64 Cela nous vaut un bouquin particulièrement vivant fourmillant

103 1163 1084 58 d’anecdotes parfois cocasses qui si elles concernent au premier

105 1202 1082 55 chef l’orchestre de Duke, plongent leurs ramifications dans l’his¬

103 1247 347 49 toire globale du jazz

103 1282 1072 52 C’est ainsi que Cootie Williams — entre autres souvenirs —

103 1315 1084 60 évoque comment, à l’âge de quatorze ans, il fut enthousiasmé

103 1350 1082 64 par l’orchestre d’un cirque dirigé par un certain M. Young, dont

103 1389 1080 60 tous les musiciens appartenaient à la même famille y compris no¬

105 1426 1078 55 tamment son épouse et ses enfants, qui tous jouaient du saxo¬

103 1467 478 49 phone, dont le jeune Lester

103 1496 1086 61 Devant l’enthousiasme du jeune Williams, son père alla trouver

107 1541 1082 59 M. Young Senior qui accepta que le jeune « Cootie» entre dans

107 1588 181 47 l’orchestre.

113 1615 1078 61 . — le gagnais cinquante cents par jour, mais l’étais nourri par

107 1658 865 51 la famille. Cela dura tout l’été : ce fut merveilleux!»

101 1697 1088 58 Ailleurs il raconte comment, nouveau venu à New York, il devint

107 1734 1082 53 l’ami de Chick Webb alors en quête d’engagements et comment

105 1771 1080 53 il entra chez Fletcher Henderson puis, non sans hésitation, dans

103 1812 489 49 l’orchestre de Duke Ellington

105 1845 1086 59 Le « Monde de Duke Ellington» (pour ceux qui lisent l’Anglais)

105 1886 1082 53 est à recommander à tous ceux qui s’intéressent à Duke Ellington,

107 1923 1082 59 bien sûr, mais aussi à tous ceux que la petite comme la grande

105 1958 464 62 histoire du jazz passionnent.

1074 1993 109 49 Ch. D.

101 2075 283 49 CHARLEY PATTON

101 2173 552 46 par John Fahey (Studio Vista), Londres.

107 2221 1080 49 Le chanteur-quitariste Charley Patton a été l’une des fiqures les plus mar¬

111 2249 1072 46 quantes du folklore noir rural du Mississipi. Le fait qu’il soit décédé il y a plus

107 2276 1074 54 d’une trentaine d’années et qu’il n’ait jamais été Interviewé ajoute encore à

175 2303 1010 49 aura » de légende qui entoure cet artiste. C’est à ce chapitre difficile

107 2330 1076 51 et encore peu exploré de l’histoire du « blues t gospel » que s’attaque le musi,

109 2356 1076 48 cologue américain lohn Fahey dans ce livre paru dans la série « Blues paper¬

107 2389 440 43 backs » dirigée par Paul Oliver

107 2418 1080 45 C’est un ouvrage très documenté qui, fait remarquable, contient les paroles

111 2447 1074 43 intégrales de nombreux morceaux enregistrés en disques par Patton entre

109 2473 1074 44 1929 et 1934, ainsi que des relevés musicaux de ses strophes vocales. Une

109 2500 1076 49 analyse musicale très fouillée (Fahey est lui-même un guitariste de formation

109 2527 1076 43 classique) occupe une partie importante du livre, dont elle constitue peut-être

111 2556 308 45 les meilleures feuilles.

107 2586 1080 50 Pourquoi faut-il que des contradictions internes, qui sautent aux yeux vien¬

109 2615 1068 47 nent gâcher le plaisir du lecteur ? C’est ainsi que d’après ce livre (page 25)

109 2644 1076 43 Patton a composé en l’honneur de deux sheriffs du nom de Tom Rushen

113 2671 1074 45 et Halloway sa pièce intitulée High sheriff blues; or, à la page 26, Fahey

111 2699 1076 46 indique que ce thème a été inspiré à Patton par son arrestation effectuée par

109 2722 1080 49 deux policiers nommés Purvis et Webb, ce que les paroles du morceau

111 2755 489 41 rapportées à la page 99 confirment

109 2783 1080 46 Par ailleurs, l’auteur distingue les blues enregistrés par Patton en deux

111 2814 1074 45 catégories : les " blues-songs » et les - blues-ballads », ces derniers se

113 2839 1072 43 caractérisant par le fait qu’ils ont pour trame des événements extérieurs

111 2866 1035 49 (ex. : theme de l’Inondation dans High water everywhere de Patton). E

116 2892 1073 44 ajoute, à la page 70, que ce genre de morceaux le distinguait de Blind

113 2921 852 43 Lemon lefferson qui n’avait jamais gravé de » blues-ballads

111 2952 1076 45 De telles assertions sont d’autant plus discutables et erronées que dans

115 2981 1072 45 le même volume (page 92), Fahey signale comme analogue au High water

111 3011 1070 40 everywhere de Patton le Rising high water blues de... Blind Lemon Jefter

115 3034 1068 45 son! De toutes façons, la distinction entre les blues-songs et les blues

115 3065 1072 43 ballads est un non-sens complet et je recommande bien au lecteur de

113 3090 1017 49 gommer de son esprit tout ce qui est écrit à ce sujet dans cet ouvrage

116 3124 1075 46 D’autres points faibles seraient à signaler, mais je ne voudrais pas que

120 3153 1069 43 ces critiques prennent presque toute la place de cette chronique et donnent

115 3178 1070 45 l’impression que le travail de Fahey est sans valeur. En réalité, sur le plar

115 3205 1074 43 purement technique, Fahey a fait une œuvre magistrale, mais sa méconnais¬

116 3229 1069 45 sance de l’histoire du blues dans son ensemble rend sujettes à caution cer

115 3260 900 55 taines de ses opinions. Bref, un livre à manier avec précaution

916 3289 281 59 lacques DEMETRE.

1631 266 394 78 CONCERTS

1316 346 1039 78 Du 3 au 9 janvier, à Super Besse : « A plein jazz », avec

1316 405 1039 52 Bill Coleman, Martial Solal, les Swingers, Joe Turner, Kenny

1317 440 1034 55 Clarke, Maxim Saury, Claude Luter, J.L. Ponty et Marcel

1312 485 130 50 Zannini

1316 511 1029 76 6 janvier, au Centre culturel américain (20 h 30) : Nico Nissim

1316 574 66 47 trio.

1316 611 674 53 9 janvier, à La Plagne : Memphis Slim.

1319 664 665 47 16 janvier, à La Plagne : Rhoda Scott.

1318 678 1027 87 21 janvier, au Centre culturel américain (20 h 30) Robin

1312 746 438 49 Kenyatta face state band.

1316 768 1032 85 23 janvier, à l'ORTF. : Robin Kenyatta et lean Louis Chau

1314 836 308 46 temps et son trio

1317 882 609 47 4 février, à la Mongie : Phil Woods.

1286 915 1106 67 =-=========================================================

1704 1112 263 80 RADIO

1557 1206 562 64 ==============================

1672 1266 342 49 FRANCE MUSIQUE

1555 1294 566 68 ~-===============ssss=s=ss:

1321 1347 1030 76 LE MONDE DU JAZZ (les jeudis de 23 à 24 h), une émission

1321 1403 891 50 d’Andrée Francis, avec le concours de Lucien Malson:

1339 1451 497 55 7 janvier : Coleman Hawkins.

1325 1500 922 51 14 janvier : Jazz Journal : l’A.C.M. : Lester Bowie, etc.

1316 1543 1004 57 21 janvier : John Coltrane (nouvelle série) numéro 1 : 1959.

1319 1596 591 52 28 janvier : Nouveautés du disque.

1310 1646 1045 67 RENDEZ-VOUS EN STEREOPHONIE (les dimanches de 19 h 35

1323 1699 724 51 à 20 h. 30), une émission d’André Francis:

1327 1715 1018 88 3 janvier : K. Clarke, F. Bolland Orch, avec Dizzy Gillespie

1325 1792 552 57 10 janvier : Earl Hines quartette.

1327 1841 817 51 17 janvier: Dave Brubeck trio et Gerry Mulligan.

1319 1890 749 58 24 janvier : Charlie Mingus et son orchestre.

1321 1938 1036 73 1422 VIVANT (le samedi de 19 h 35 à 20 h). une émission

1321 1991 285 49 d’André Francis:

1337 2036 661 53 2 janvier : Le quintette Claude Guilhot.

1323 2087 667 48 16 janvier : Memphis Slim à La Plagne.

1317 2139 667 47 30 janvier : Rhoda Scott à La Plagne.

1555 2200 566 66 ==============================

1678 2258 347 49 FRANCE CULTURE

1555 2295 562 61 =================s=ss=ss=ssssi

1317 2338 1034 72 CONNAITRE LE JAZZ (tous les vendredi à 20 ou 22 h 30),

1316 2401 442 48 Lucien Malson présente:

1327 2411 1036 97 8 janvier 18 h 30: New York au jour le jour, avec André

1317 2484 125 45 Hubert.

1321 2511 1047 67 15 janvier: 22 h. 30 : Jazz au Canada, avec Michel Garneau.

1314 2570 1015 53 22 janvier: 20 h : Jimmy Hendricx, avec Philippe Koecklin.

1317 2615 981 60 29 janvier: 20 h : Frank Zappa, avec Philippe Parengaux.

1555 2703 568 50 =============================¿

1553 2769 566 76 --===================

1707 2749 277 49 FRANCE INTER

1318 2835 1024 73 JAZZ SUR SCENE (le samedi de 23 h 30 à 0 h 30), une émis

1321 2890 367 48 sion d’André Francis:

1333 2923 1018 64 2 janvier : Aretha Franklin, Ella Fitzgerald, Anita O'Day et

1323 2977 269 45 Sarah Vaughan.

1330 3008 1018 67 9 janvier : Le M.l.Q. et le Dave Brubeck trio, avec Mulligan,

1321 3054 1050 76 16 janvier: Festival de Châteauvallon, avec l’Art Ensemble de

1321 3112 145 43 Chicago.

1321 3136 1047 73 23 janvier: Festival Montreux (3), avec Bel Dobbins, Art

1316 3192 432 49 Farmer, Herbie Mann, etc.

1319 3239 618 48 30 janvier : Le Jazz Band Ball 1970.

2329 3330 63 68 28
