2480 3194
972 1198 562 88 INFORMATIONS

125 126 40 69 1OE
203 123 108 71 TURNER
349 125 70 67 (suite
452 129 20 62 de
505 126 11 64 la
549 120 60 70 page
642 131 40 58 28)

126 210 44 45 d’un
210 205 125 49 drummer
372 203 15 50 et
420 202 48 50 d’un
508 203 111 49 bassiste
659 204 136 46 allemands
836 203 59 46 dont
928 198 7 50 je
976 199 36 49 tais
1053 196 26 51 les
1119 200 66 47 noms

123 251 39 43 par
195 250 106 43 charité.
328 249 69 43 Leurs
433 248 213 43 ronronnements
686 246 123 43 énervent
839 246 30 42 Joe
914 245 81 42 Turner
1029 245 9 41 à
1065 245 30 41 tel
1125 244 66 42 point

126 286 38 40 que
203 286 16 40 ce
257 285 96 40 dernier
385 284 20 41 ne
443 283 93 42 réussit
565 282 38 42 pas
638 282 10 42 à
674 281 67 43 jouer
773 278 192 46 correctement
1000 277 90 46 Viper's
1125 276 58 46 Drag

126 319 19 46 et
184 318 192 46 Effervescent,
414 317 29 45 les
488 317 103 44 uniques
639 316 45 44 soli
722 316 20 43 de
790 316 19 42 ce
857 315 99 42 disque.
995 315 38 41 J’ai
1072 314 119 41 pourtant

126 356 106 43 entendu
270 355 38 43 des
348 354 107 43 dizaines
493 353 19 43 de
549 352 41 43 fois
625 351 34 44 Joe
697 348 163 46 interpréter,
888 347 57 46 avec
979 347 13 45 le
1030 345 47 46 plus
1114 344 69 47 grand

127 392 90 40 swing,
242 392 38 39 ces
313 391 57 39 deux
403 389 189 40 compositions
625 389 19 38 de
679 388 58 39 Fat’s
772 387 99 39 Waller.
898 387 25 38 Ce
958 386 85 38 disque
1076 386 27 37 me
1139 385 52 38 rap¬

128 430 58 43 pelle
227 429 16 44 un
288 428 58 45 autre
391 426 147 47 microsillon
567 426 0 36 :
602 425 10 44 le
657 424 29 37 1er
721 422 135 45 décembre
901 421 70 45 1949,
1003 419 68 45 Willie
1116 418 70 43 Smith

128 468 20 35 Le
189 467 66 35 Lion,
285 466 61 35 alors
387 465 17 35 en
445 464 76 36 pleine
562 462 154 37 possession
759 461 18 36 de
820 460 36 36 ses
897 459 116 37 moyens,
1046 457 140 37 enregistre

127 503 9 38 à
172 502 60 39 Paris
271 501 48 40 huit
351 501 19 40 de
412 500 35 41 ses
489 498 205 43 compositions,
726 497 77 44 parmi
835 495 138 46 lesquelles
1015 494 35 43 son
1092 493 96 42 fameux

128 536 96 40 Echoes
256 536 16 40 of
301 535 103 40 Spring.
423 534 86 41 J’avais
542 533 102 42 entendu
679 532 68 42 Willie
779 531 70 43 Smith
881 531 10 43 la
923 530 84 44 veille,
1029 529 19 44 en
1080 528 116 45 concert,

127 573 68 45 jouer
232 573 37 38 ces
309 571 92 44 mêmes
441 570 132 43 morceaux
613 569 19 38 et
666 568 83 44 c’était
783 566 178 44 merveilleux.
992 566 21 40 Le
1056 565 0 39 «
1081 564 114 39 supervi¬

131 609 52 36 seur
207 609 0 35 »
243 609 19 35 de
300 608 9 36 la
347 607 90 37 séance
476 604 249 39 d’enregistrement
755 603 22 38 (à
807 602 112 39 l’époque
957 601 28 39 les
1023 601 0 38 «
1050 599 137 40 directeurs

130 644 144 39 artistiques
302 643 0 40 »
346 642 120 41 n’étaient
503 641 38 42 pas
585 640 57 43 nés)
679 639 92 44 impose
815 638 12 45 la
871 637 101 46 batterie
1019 636 19 43 de
1082 635 106 42 Wallace

132 676 87 39 Bishop
261 675 104 39 derrière
404 675 11 38 le
455 674 67 39 piano
564 674 20 39 de
626 673 67 39 Willie
735 673 70 39 Smith
847 672 17 39 et
901 671 148 40 l’exécution
1092 671 19 39 de
1153 670 34 39 ces

131 714 44 40 huit
206 713 132 41 morceaux
376 713 34 40 est
438 711 145 42 nettement
611 710 110 42 troublée
758 709 38 43 par
824 709 29 42 les
890 708 113 43 flonflons
1041 707 38 44 des
1113 706 75 44 balais

127 751 37 40 sur
195 751 9 40 la
241 749 80 42 caisse
358 748 86 43 claire.

132 787 59 43 Pour
224 792 18 38 en
283 786 95 45 revenir
411 791 8 40 à
448 784 33 47 Joe
525 787 96 44 Turner,
650 782 56 50 qu’il
735 782 26 50 me
801 782 44 50 soit
879 782 88 50 permis
1004 782 18 44 de
1062 782 41 42 dire
1143 782 56 46 qu’il

131 829 115 42 poursuit
283 829 8 40 la
333 827 110 41 tradition
485 826 87 40 morale
614 826 39 38 des
696 824 120 38 pianistes
856 824 19 36 de
920 822 121 37 Harlem:
1075 822 16 35 au
1136 821 59 35 prin¬

128 868 78 38 temps
245 867 71 38 1963,
342 867 8 37 à
378 866 78 37 l’issue
493 865 49 37 d’un
579 863 114 38 concert,
719 863 18 36 un
776 862 65 37 jeune
878 860 101 38 pianiste
1016 860 18 36 se
1070 858 117 37 présente

132 903 10 35 à
172 902 31 36 Joe
246 902 15 36 et
295 901 28 37 lui
353 899 123 38 demande
516 898 123 39 quelques
679 896 129 40 conseils.
835 895 34 41 Joe
915 894 83 42 Turner
1032 893 104 42 l’écoute
1176 892 19 43 et

132 935 85 40 décide
250 935 19 39 de
302 934 27 40 lui
354 933 139 40 enseigner
521 933 27 39 les
581 932 123 40 principes
737 931 19 39 du
792 930 192 40 Piano-Stride.
1008 929 91 39 Depuis
1132 928 57 40 cette

132 973 116 38 époque,
282 971 106 41 Gabriel
425 968 130 46 Garvanof
596 966 112 47 continue
753 963 122 48 d’étudier
916 962 55 43 avec
1015 960 62 49 Joe;
1114 959 11 43 il
1159 958 41 48 fait

132 1010 39 36 des
208 1009 101 36 progrès
348 1006 148 38 constants,
525 1005 19 38 en
581 1003 171 40 profondeur,
780 1002 19 39 et
830 1001 48 40 sera
917 1000 53 40 sans
1010 998 72 41 aucun
1122 997 67 42 doute

135 1045 48 42 apte
222 1045 9 41 à
264 1043 129 42 maintenir
429 1042 9 42 la
480 1041 108 42 tradition
630 1040 21 41 du
694 1037 189 44 Piano-Stride.
916 1037 12 41 le
970 1036 57 42 crois
1069 1035 39 41 que
1150 1034 39 42 rien

135 1080 62 50 n’est
228 1079 44 48 plus
310 1078 189 47 réconfortant.

919 1083 82 45 EDDIE
1039 1082 161 45 BERNARD.

139 1374 161 47 FESTIVALS
343 1373 92 47 (suite)

140 1458 0 53 2
169 1460 36 50 800
238 1463 144 46 personnes
418 1462 18 45 au
472 1459 108 47 Festival
609 1458 18 46 de
663 1458 105 46 Luneray
804 1458 58 44 (76).

140 1524 20 49 Le
197 1523 110 49 Festival
334 1523 20 47 de
391 1522 47 47 Jazz
474 1522 17 46 de
528 1521 127 46 Luneray,
682 1520 0 44 «
718 1520 30 44 Jam
795 1519 117 44 Potatoes
949 1518 53 42 70»
1039 1518 0 41 a
1076 1517 127 41 remporté

141 1565 19 42 un
190 1564 99 42 énorme
320 1562 110 43 succès.
452 1562 9 41 Il
482 1562 62 41 s’est
569 1560 104 42 déroulé
701 1560 55 41 dans
787 1559 18 41 un
839 1558 117 41 immense
987 1558 36 39 silo
1057 1557 10 40 à
1088 1556 111 40 pommes

144 1604 17 37 de
200 1603 52 38 terre
291 1602 20 38 de
349 1602 18 38 11
402 1601 85 39 heures
526 1601 17 39 du
581 1600 65 39 matin
684 1599 9 40 à
719 1599 39 40 une
796 1598 67 41 heure
902 1597 108 41 avancée
1048 1596 18 42 de
1104 1596 9 41 la
1151 1595 56 42 nuit.

142 1635 92 43 Gérard
273 1634 98 43 Naulet,
400 1634 27 43 les
466 1633 59 43 Dixie
567 1632 115 44 Fellows,
711 1631 29 44 les
776 1630 112 45 Krapulix
927 1630 52 44 avec
1015 1629 33 45 Jef
1077 1628 128 46 Mariette.

142 1675 43 39 Bill
220 1673 117 40 Coleman
380 1672 54 39 avec
476 1671 105 39 Bernard
626 1670 91 39 Bassié
754 1670 16 38 et
808 1669 93 38 Michel
936 1667 96 39 Gaudry
1072 1667 37 37 ont
1147 1666 59 38 rem¬

144 1709 70 44 porté
244 1709 17 42 un
297 1707 91 44 succès
426 1706 94 43 mérité.
549 1705 21 42 Le
605 1704 91 42 groupe
732 1703 88 42 choral
846 1702 18 41 de
902 1701 106 41 Luneray
1046 1701 0 39 a
1082 1699 123 41 présenté

143 1745 36 40 son
215 1743 135 41 répertoire
386 1742 18 40 de
437 1740 102 42 Gospel
563 1739 81 42 Songs
678 1738 36 41 sur
744 1737 36 42 des
813 1734 192 44 arrangements
1038 1733 21 43 de
1092 1731 105 44 Bernard

143 1778 80 42 Hulin.
258 1777 24 42 Un
320 1776 53 43 train
414 1774 101 45 spécial
546 1773 60 45 était
637 1772 56 46 venu
738 1771 17 46 de
800 1767 265 50 Paris-Saint-Lazare
1107 1766 10 49 à
1148 1765 53 50 bord

143 1812 96 44 duquel
272 1812 72 43 jouait
380 1811 9 43 la
429 1810 99 44 Fanfare
570 1810 36 42 des
648 1809 78 43 Beaux
768 1808 63 43 Arts.
864 1808 97 42 Devant
997 1807 57 42 cette
1096 1806 105 42 réussite

142 1848 29 48 les
212 1846 191 49 organisateurs
443 1846 37 48 ont
509 1844 224 49 immédiatement
763 1843 154 48 commencé
950 1841 191 49 l’organisation
1182 1841 18 47 de

145 1888 0 44 «
180 1887 31 45 Jam
255 1886 117 45 potatoes
412 1885 16 44 71
469 1885 0 44 »
503 1884 29 44 où
560 1883 56 45 sont
648 1882 103 45 prévues
789 1880 123 45 plusieurs
949 1878 113 46 vedettes
1100 1878 22 44 du
1160 1877 44 44 jazz

143 1925 106 41 français
284 1925 17 41 et
330 1925 150 42 américain.

365 2033 188 50 FEDERATION
597 2031 209 50 EUROPEENNE
843 2030 27 48 DU
915 2029 61 49 JAZZ

145 2132 20 39 La
198 2131 108 40 dernière
339 2130 97 40 réunion
471 2130 18 39 de
524 2129 9 40 la
565 2129 68 40 E.J.F.
656 2128 62 41 s’est
745 2128 67 40 tenue
845 2127 8 41 le
886 2127 20 41 30
939 2126 44 41 mai
1006 2126 9 41 à
1039 2125 173 42 Nuremberg.

146 2164 92 45 M.P.S.
263 2163 107 45 publiera
404 2163 9 43 le
447 2163 108 43 premier
585 2163 83 41 disque
702 2162 123 41 illustrant
853 2162 27 40 les
914 2161 141 40 principaux
1092 2161 111 38 festivals

145 2207 40 39 qui
213 2206 17 39 se
266 2205 56 40 sont
351 2204 118 40 déroulés
505 2203 17 40 en
561 2202 107 40 Europe.

149 2241 19 46 Le
209 2241 142 53 calendrier
388 2241 38 51 des
467 2241 97 50 travaux
605 2241 19 49 de
665 2241 101 45 l’E.D.F.
799 2241 0 48 a
841 2241 37 43 été
912 2241 45 46 fixé
994 2241 93 46 comme
1128 2241 45 44 suit

143 2286 59 45 juin,
232 2285 99 45 réunion
374 2284 18 44 du
435 2283 89 45 comité
561 2282 37 44 des
641 2281 117 44 Festivals
798 2280 9 44 à
841 2278 141 45 Lubliana;
1016 2278 19 43 en
1078 2276 83 44 juillet,
1194 2276 10 43 le

149 2321 93 46 comité
274 2319 112 47 éducatif
415 2319 19 45 en
472 2317 132 46 Hongrie;
636 2316 19 44 en
694 2314 118 45 octobre,
841 2314 10 42 le
892 2313 90 42 comité
1014 2312 38 41 des
1091 2310 115 41 critiques

148 2358 19 39 et
199 2355 164 42 journalistes
401 2354 10 42 à
446 2352 116 43 Varsovie
604 2352 16 42 et
655 2351 16 43 en
716 2348 151 46 novembre,
899 2347 64 46 celui
995 2347 20 45 de
1056 2346 10 46 la
1105 2345 61 47 radio
1207 2344 7 47 à

151 2390 93 42 Berlin.

148 2420 21 48 Le
208 2420 125 47 problème
368 2420 21 46 du
427 2419 87 47 Centre
549 2419 20 46 de
608 2419 205 45 documentation
851 2419 49 43 sera
938 2418 115 43 examiné
1084 2418 18 42 au
1140 2418 70 42 cours

151 2462 20 39 de
207 2461 10 40 la
253 2459 134 42 prochaine
424 2458 98 43 réunion
561 2457 20 44 du
617 2456 102 45 Comité
748 2454 125 47 directeur

589 2576 0 43 A
629 2575 21 43 LA
689 2572 82 45 RADIO

152 2668 18 48 Le
206 2668 210 48 cinquantenaire
452 2668 22 47 de
514 2668 90 47 Charlie
644 2668 91 47 Parker
767 2668 7 46 à
807 2668 134 46 l’O.R.T.F.

154 2732 37 45 Les
230 2732 148 45 dimanches
415 2732 18 45 4,
465 2732 18 45 11
519 2732 18 45 et
570 2732 18 46 18
624 2732 119 46 octobre,
776 2732 105 46 l’Atelier
917 2732 18 46 de
978 2732 112 46 Création
1130 2732 90 40 Radio¬

154 2770 123 44 phonique
314 2770 22 43 de
373 2769 132 44 l’O.R.T.F.
532 2767 148 45 présentera
717 2767 37 44 sur
784 2765 231 45 France-Culture,
1046 2765 18 44 de
1101 2765 18 44 20
1156 2764 0 44 h
1193 2764 19 44 O5

154 2810 9 48 à
186 2810 20 47 23
235 2809 20 48 h,
278 2809 52 47 trois
363 2808 105 47 grandes
500 2807 138 46 émissions
667 2806 160 44 consacrées
857 2805 10 42 à
890 2804 94 43 Charlie
1017 2804 88 41 Parker
1132 2803 85 40 (1920.

155 2840 85 46 1955).

158 2881 43 48 Ces
237 2881 53 47 trois
322 2882 194 46 programmes,
542 2883 36 43 qui
607 2884 204 42 comprendront
840 2885 36 39 une
916 2885 68 39 partie
1020 2886 204 37 biographique,

156 2926 17 37 de
214 2925 137 38 nombreux
386 2924 198 38 témoignages,
617 2924 36 36 des
693 2924 104 36 débats,
828 2923 56 36 etc.,
914 2923 63 36 ainsi
1010 2923 38 35 que
1086 2922 125 36 l’audition

153 2959 118 46 intégrale
313 2958 21 47 de
376 2958 97 47 l’œuvre
514 2958 157 47 enregistrée
712 2957 18 48 de
771 2957 101 48 Parker,
903 2957 38 48 ont
976 2957 35 39 été
1045 2956 94 44 conçus
1181 2956 35 46 par

159 2995 81 48 André
271 2995 105 55 Hodeir,
403 2995 35 46 qui
469 2995 15 54 en
523 2995 116 55 assurera
674 2995 11 55 la
720 2995 194 55 présentation.

157 3057 29 55 30

1314 129 20 51 Le
1376 127 99 53 quartet
1508 127 21 53 de
1570 126 104 54 Charles
1720 125 99 55 Tolliver
1856 123 129 57 composé
2018 123 20 57 de
2080 122 99 58 Stanley
2225 120 95 60 Cowell
2353 120 0 60 a

1314 174 87 42 piano,
1427 172 71 43 Cécil
1521 172 30 43 Mc
1585 172 40 42 Bée
1662 172 10 42 à
1698 171 10 42 la
1742 171 70 42 basse
1849 171 17 41 et
1892 171 77 41 Jimmy
2003 171 83 40 Hopps
2120 171 10 40 à
2153 170 10 40 la
2197 170 100 40 batterie
2330 170 27 39 fe¬

1314 214 36 39 une
1386 212 99 40 tournée
1521 212 18 40 en
1576 211 90 40 Europe
1702 210 105 40 courant
1834 208 144 41 septembre
2011 208 18 40 et
2059 207 15 41 se
2111 206 114 42 produira
2258 205 93 42 vraise—

1314 248 159 40 blablement
1503 248 20 40 au
1562 248 62 41 Gill’s
1662 248 53 41 Club

1315 335 19 42 Le
1371 334 104 43 pianiste
1512 332 129 44 américain
1682 331 81 44 Burton
1804 330 113 44 Greene,
1945 329 63 44 parti
2036 329 38 43 aux
2108 327 91 45 U.S.A.
2227 327 60 44 pour
2318 326 38 44 de—

1315 372 74 41 mois,
1411 371 39 43 est
1476 371 19 43 de
1527 371 80 43 retour
1636 371 19 43 en
1691 370 109 45 Europe.

1315 459 20 41 Le
1374 455 282 45 saxophoniste-ténor
1692 454 101 45 Philippe
1833 453 68 45 Maté
1931 452 65 46 vient
2026 450 183 47 d’enregistrer
2242 449 19 47 un
2301 448 65 48 albur

1315 497 59 40 pour
1402 496 126 40 Saravah.
1554 495 62 40 Deux
1649 494 93 40 albums
1773 493 78 40 Futura
1885 492 118 40 viennent
2031 492 17 39 de
2082 491 101 39 paraître
2217 490 19 39 en
2270 489 84 40 France

1317 532 48 39 John
1403 531 101 39 Surman
1539 530 96 39 quintet
1664 529 59 38 (GER
1755 529 48 37 12),
1830 528 48 38 Mal
1908 527 112 38 Waldron
2057 527 35 36 trio
2129 526 59 37 (GER
2220 526 56 36 13);
2306 525 8 36 à
2343 525 19 35 pa

1316 566 62 42 raître
1411 566 20 41 en
1460 564 144 43 septembre
1637 563 19 43 un
1689 562 92 44 nouvel
1804 561 65 45 album
1908 560 20 45 de
1961 558 114 47 François
2111 557 105 47 Tusques
2248 556 59 48 (GER
2340 555 13 48 14

1318 602 63 38 Deux
1414 601 21 38 LP
1474 601 18 38 de
1525 599 90 40 l’Hight
1645 598 99 40 Society
1777 597 48 40 Jazz
1859 596 60 40 Band
1958 595 30 41 (53
2015 594 36 41 004
2087 593 18 42 et
2135 593 15 42 53
2177 592 57 42 005)
2264 590 99 44 viennen

1316 637 19 39 de
1378 636 101 39 paraître
1519 635 57 39 chez
1613 635 43 39 SFP
1698 634 62 39 ainsi
1792 634 67 38 qu’un
1901 633 65 38 album
2016 633 19 37 du
2075 632 102 38 Dharma
2217 631 109 38 quartet.

1317 724 115 42 L’acteur
1468 722 118 43 Christian
1628 720 154 44 Marquand,
1812 718 95 45 vedette
1949 718 20 44 de
2008 716 138 45 nombreux
2185 714 72 46 films,
2290 713 92 47 notam¬

1320 763 62 35 ment
1414 763 0 34 «
1450 762 91 34 Sait-on
1577 761 84 34 jamais
1697 760 17 34 »,
1741 760 0 34 «
1774 759 20 34 Et
1825 759 53 34 Dieu
1914 758 48 34 créa
1998 757 9 34 la
2044 756 139 34 femme»,
2212 756 0 33 «
2246 755 60 33 J’irai
2334 754 48 33 cra¬

1320 797 55 36 cher
1407 797 34 35 sur
1476 796 37 35 vos
1550 795 94 36 tombes
1684 795 0 34 »
1721 794 0 35 a
1758 793 123 36 présenté
1913 793 10 34 le
1963 792 17 35 11
2017 792 55 34 août
2104 790 108 36 dernier,
2242 790 17 34 en
2301 789 79 35 avant¬

1321 831 117 42 première
1470 831 53 41 salle
1559 829 135 42 Ponthieu,
1714 828 18 42 un
1767 828 27 41 film
1838 827 38 42 qui
1899 825 83 43 sortira
2014 825 35 42 sur
2076 824 29 43 les
2137 823 85 43 écrans
2255 821 123 44 parisiens

1319 869 21 37 en
1376 867 162 38 septembre,
1566 866 19 37 et
1616 865 55 37 dont
1702 865 8 36 il
1738 864 34 37 est
1804 864 7 36 le
1848 862 151 38 réalisateur
2030 861 19 37 et
2080 860 104 37 metteur
2218 859 18 37 en
2273 858 73 37 scène

1323 904 0 36 «
1357 902 85 38 Candy
1479 902 16 37 »,
1523 900 69 39 satire
1630 898 129 41 érotique,
1784 897 50 41 tirée
1875 896 19 42 du
1931 895 79 43 roman
2047 894 19 43 de
2110 893 60 44 Terry
2204 891 123 46 Southern
2364 890 0 46 e

1318 937 87 38 Mason
1448 935 155 39 Hoffenberg
1643 934 95 39 (1968),
1769 933 124 40 bénéficie
1936 932 63 40 d’une
2042 931 138 41 excellente
2223 929 152 42 distributior

1319 973 102 40 (Marlon
1460 972 111 40 Brando,
1598 971 51 40 John
1688 970 108 41 Huston,
1826 969 106 41 Charles
1968 967 147 42 Aznavour,
2145 966 96 42 Richard
2283 965 84 43 Burton

1317 1006 78 40 James
1429 1004 117 41 Coburn,
1568 1003 72 42 Ringo
1674 1002 66 42 Star,
1765 1001 47 43 Elsa
1850 999 144 44 Martinelli,
2019 998 79 45 Sugar
2129 997 41 45 Ray
2204 995 170 47 Robinson...)

1322 1045 16 37 et
1367 1043 115 39 présente
1521 1041 38 40 une
1595 1040 57 41 série
1691 1039 19 41 de
1745 1037 122 43 sketches
1903 1036 70 43 assez
2008 1033 161 46 désopilants
2204 1032 35 46 sur
2271 1031 20 47 un
2329 1030 48 47 fonc

1321 1078 205 50 psychédélique
1567 1077 17 43 et
1621 1077 0 39 »
1662 1075 157 48 pop-jazz»
1860 1073 109 50 pouvant
2003 1072 69 48 plaire
2116 1071 38 47 aux
2195 1070 122 49 amateurs
2362 1069 17 46 de

1319 1111 90 45 cinéma
1441 1111 19 45 et
1486 1111 19 44 de
1537 1110 131 45 musique.

1327 1355 63 50 Deux
1428 1354 115 50 concerts
1578 1354 21 49 de
1637 1353 45 49 jazz
1717 1353 56 49 sont
1804 1352 87 49 prévus
1926 1352 55 48 dans
2020 1352 10 47 le
2068 1351 67 48 cadre
2173 1351 21 47 de
2232 1351 10 46 la
2277 1350 52 47 Fête
2364 1350 21 46 de

1327 1400 164 40 l’Humanité,
1514 1400 29 39 les
1577 1400 18 39 12
1629 1399 17 40 et
1675 1399 17 39 13
1724 1398 147 40 septembre
1902 1398 55 39 avec
1992 1397 89 40 Johnny
2112 1397 98 39 Griffin,
2236 1397 29 39 les
2302 1396 83 39 Voices

1327 1437 20 39 of
1379 1436 55 40 East
1468 1435 109 40 Harlem,
1606 1435 29 40 les
1675 1434 126 40 Swingers
1839 1433 17 41 et
1888 1433 28 40 les
1957 1432 54 41 Four
2046 1431 97 42 Bones,
2175 1431 29 41 etc

1328 1471 62 40 Sous
1428 1471 9 39 le
1472 1470 44 40 titre
1557 1470 18 40 de
1610 1469 47 41 Jazz
1696 1468 44 41 City
1778 1468 18 41 un
1834 1467 68 42 stand
1940 1466 47 42 sera
2025 1465 130 43 consacré
2190 1465 9 42 à
2228 1464 9 43 la
2275 1463 109 44 musique

1325 1510 61 41 noire
1423 1510 167 42 américaine.

1332 1569 88 40 Riviera
1461 1569 0 40 a
1502 1567 144 42 enregistré
1681 1566 57 42 sous
1778 1566 10 42 la
1829 1564 157 44 supervision
2030 1563 167 45 d’Alexandre
2237 1562 82 45 Rado,
2351 1561 44 46 Cat

1330 1605 240 43 Anderson,Paul
1603 1604 164 44 Gonzalves,
1800 1603 80 45 Norris
1927 1602 100 46 Turney,
2057 1602 34 46 Joe
2134 1601 123 47 Benjamin
2304 1600 17 48 et
2358 1600 33 48 Art

1333 1640 94 52 Taylor.

1328 1693 51 49 Jean
1422 1693 38 48 Luc
1499 1691 73 58 Ponty
1610 1697 98 54 partage
1747 1696 38 44 son
1828 1693 77 50 temps
1944 1691 59 55 entre
2046 1688 107 49 l’Europe
2196 1687 17 50 et
2251 1685 26 52 les
2315 1683 77 54 Etats¬

1331 1741 70 38 Unis.
1427 1741 70 37 C’est
1523 1740 63 37 ainsi
1612 1739 115 38 qu’après
1761 1739 18 36 un
1813 1738 177 37 engagement
2016 1737 10 36 à
2050 1737 39 36 Los
2123 1736 125 36 Angeles,
2271 1736 19 35 sa
2326 1735 68 36 parti¬

1331 1775 104 38 cipation
1475 1775 20 37 au
1535 1774 112 38 Festival
1676 1774 20 38 de
1736 1772 133 39 Newport,
1900 1772 17 39 un
1961 1771 137 40 Workshop
2139 1771 8 39 à
2179 1770 109 40 Boston,
2320 1769 8 40 il
2360 1769 34 40 est

1332 1809 86 41 revenu
1452 1808 136 42 participer
1618 1808 9 41 à
1652 1807 114 42 diverses
1800 1806 206 43 manifestations
2039 1805 37 43 sur
2104 1805 12 43 le
2150 1805 65 43 vieux
2248 1804 148 43 Continent.

1331 1847 20 39 Le
1387 1846 101 40 Dante’s
1519 1845 174 40 d’Hollywood
1727 1844 115 39 continue
1876 1844 20 38 de
1932 1843 132 39 présenter
2095 1843 20 38 un
2148 1842 99 39 nombre
2280 1841 116 39 incroya¬

1332 1884 29 37 ble
1399 1883 18 38 de
1455 1882 112 38 vedettes
1602 1881 50 39 tous
1687 1881 30 38 les
1752 1880 70 39 mois.
1852 1879 70 40 C’est
1952 1878 61 40 ainsi
2043 1877 55 41 qu’à
2125 1876 103 41 l’affiche
2266 1876 18 41 de
2325 1875 70 41 juillet

1333 1919 16 38 se
1389 1918 55 39 sont
1478 1917 129 40 succédés
1644 1916 159 40 notamment
1837 1916 0 40 :
1868 1915 30 41 Joe
1941 1914 71 42 Pass,
2043 1914 76 42 Jimmy
2159 1913 120 42 Stewart,
2310 1912 83 43 Gabor

1334 1952 97 40 Szabo,
1456 1951 56 41 Mike
1547 1950 94 41 Barone
1675 1949 32 42 Big
1741 1948 82 43 Band,
1848 1946 172 45 Hindoustani
2046 1946 47 44 Jazz
2127 1945 97 45 Sextet,
2252 1944 26 45 les
2315 1943 72 46 frères

1332 1991 121 37 Candoli,
1488 1990 51 37 Stan
1580 1989 112 38 Kenton,
1723 1988 67 38 Louie
1833 1986 97 40 Bellson
1974 1986 17 40 et
2025 1985 84 40 Oliver
2146 1983 89 42 Nelson
2278 1983 18 41 et
2333 1982 57 42 leurs

1335 2026 179 37 orchestres...
1552 2026 18 37 et
1608 2025 106 37 Bernard
1758 2024 79 38 Peifer
1875 2023 18 39 et
1931 2023 35 39 son
2010 2022 36 40 trio
2090 2021 55 41 avec
2190 2021 26 40 les
2263 2020 47 41 voix
2354 2019 38 42 des

1335 2058 135 44 Aldebert.

1335 2113 24 48 Au
1396 2113 106 48 Shelly's
1539 2113 86 47 Manne
1662 2114 51 45 Hole
1754 2114 0 45 :
1781 2114 89 44 Johnny
1908 2114 64 44 Otis,
2003 2114 31 43 Joe
2074 2114 96 43 Turner,
2201 2115 68 41 Eddie
2306 2115 89 41 Clean¬

1334 2158 56 40 head
1434 2157 104 41 Vinson,
1569 2155 107 42 Shuggie
1717 2154 66 43 Otis,
1814 2154 41 42 Ray
1896 2152 79 44 Brown
2015 2152 19 43 et
2069 2151 47 44 Milt
2147 2149 123 46 Jackson,
2304 2148 85 46 Ahmad

1331 2196 80 41 Janal.

1338 2254 156 40 Producteur
1524 2254 18 40 de
1575 2253 136 41 nombreux
1747 2253 0 40 «
1780 2252 42 41 jazz
1855 2251 132 42 workshop
2023 2251 0 42 »
2056 2251 18 42 au
2107 2250 70 43 cours
2210 2249 120 43 desquels
2366 2249 27 43 les

1338 2294 47 39 plus
1417 2293 88 40 grands
1541 2292 135 40 musiciens
1708 2291 39 40 ont
1773 2291 38 40 été
1838 2290 135 41 présentés
2006 2289 20 41 au
2059 2289 76 41 public
2171 2288 138 41 allemand,
2335 2287 59 41 Hans

1336 2329 121 39 Gertberg
1492 2328 33 39 est
1555 2328 99 39 décédé
1681 2328 8 38 le
1725 2328 19 38 27
1777 2328 35 38 juin
1848 2328 8 38 à
1884 2327 139 38 Hambourg
2056 2327 66 38 d’une
2157 2327 58 37 crise
2250 2326 151 38 cardiaque.

1338 2390 132 39 Quelques
1511 2389 117 39 tournées
1672 2388 151 39 annoncées
1864 2387 19 38 en
1927 2387 84 38 France
2058 2386 0 38 :
2093 2386 20 38 du
2159 2385 16 39 11
2219 2385 19 38 au
2282 2385 17 38 25
2342 2384 55 38 sep¬

1335 2424 92 40 tembre
1469 2424 0 40 :
1502 2423 66 41 Eddie
1614 2422 59 42 Boyd
1719 2421 65 43 Trio;
1817 2421 20 43 du
1879 2420 20 44 10
1938 2420 20 44 au
2000 2419 17 45 25
2059 2418 102 46 octobre
2200 2418 0 46 :
2236 2417 82 47 Saints
2358 2416 36 48 and

1340 2461 99 37 Sinners
1475 2460 29 37 all
1532 2460 63 37 Stars
1634 2460 65 37 (avec
1738 2459 81 37 Buddy
1860 2459 63 37 Tate,
1952 2458 101 37 Herman
2092 2458 102 36 Autrey,
2222 2457 66 37 Eddie
2327 2457 73 36 Bare¬

1339 2494 66 41 field,
1431 2494 40 41 Ben
1506 2494 135 41 Richards,
1664 2494 43 40 Red
1741 2493 173 41 Richardson,
1940 2493 43 41 Dan
2017 2493 84 41 Maski
2126 2493 18 41 et
2170 2493 97 40 George
2302 2493 100 40 Reed);

1341 2532 18 37 du
1394 2532 16 37 15
1445 2531 16 38 au
1496 2531 18 37 30
1549 2531 134 37 novembre
1720 2531 0 37 :
1747 2530 72 37 Clyde
1854 2530 32 37 (Ed
1921 2529 107 38 Barrob)
2054 2529 123 37 Bernhart
2207 2529 0 37 &
2242 2528 26 38 his
2306 2528 80 37 Harlem

1334 2567 69 39 Blues
1438 2567 60 39 Band
1532 2566 84 39 (Clyde
1650 2566 132 39 Bernhart,
1808 2566 43 39 Dud
1886 2565 143 39 Bascomb,
2052 2565 60 39 Rudy
2147 2564 100 40 Powell,
2270 2564 32 39 Jay
2333 2564 69 39 Jack¬

1341 2604 55 40 son,
1423 2603 51 41 Earl
1501 2602 103 43 Knight,
1634 2601 96 45 Thomas
1767 2601 110 46 Barney,
1907 2600 96 48 Sammy
2040 2599 86 50 Scott)

1340 2684 107 46 ELBEUF

1345 2771 71 46 Après
1457 2771 8 47 le
1506 2771 90 49 succès
1637 2771 131 52 remporté
1802 2771 38 53 par
1873 2771 12 47 le
1930 2771 26 45 1er
1990 2771 112 45 Festival
2132 2771 38 45 qui
2200 2771 0 45 a
2245 2771 18 45 eu
2305 2771 37 45 lieu
2383 2771 19 45 au

1342 2817 138 37 printemps
1526 2817 93 37 dernier
1661 2817 54 38 avec
1760 2817 27 38 les
1832 2816 61 40 Dixie
1941 2816 117 40 Fellows,
2094 2816 27 41 les
2166 2816 57 41 Zora
2269 2816 139 42 Gloutons,

1337 2851 135 39 l’Original
1497 2851 59 39 Band
1592 2850 17 39 et
1634 2850 9 39 le
1679 2850 51 39 High
1766 2850 98 39 Society
1898 2850 45 38 Jazz
1976 2850 59 38 Band
2072 2850 17 38 et
2117 2850 11 38 la
2161 2849 127 39 formation
2324 2849 73 38 locale

1344 2887 37 37 des
1424 2887 83 38 Pinces
1550 2887 6 38 à
1590 2887 86 39 Linge,
1707 2887 12 39 le
1759 2887 46 39 J.C.
1839 2887 113 40 d’Elbeuf
1986 2887 77 40 affilié
2097 2887 18 41 au
2158 2887 46 41 Jazz
2244 2887 55 41 Fans
2339 2887 59 42 Belin

1337 2920 150 48 organisera
1528 2920 11 48 le
1580 2920 0 42 9
1622 2920 101 48 octobre
1764 2920 18 46 au
1827 2920 97 46 Cinéma
1973 2920 93 46 Théâtre
2111 2920 18 45 un
2174 2920 52 45 Gala
2271 2920 56 45 avec
2368 2920 28 41 les

1344 2959 164 42 Barbecues,
1545 2958 90 43 Claude
1678 2958 67 44 Luter
1785 2958 17 44 et
1839 2957 56 45 deux
1935 2957 147 46 formations
2126 2957 90 46 locales
2259 2956 97 48 (Pinces
2400 2956 10 48 à

1343 2993 69 55 Linge
1452 2993 16 44 et
1500 2993 69 54 Black
1605 2993 81 50 Sticks
1726 2993 146 57 Warmers).
