2480 3180
114 146 58 51 d’un
216 145 54 52 club
313 153 11 44 à
357 145 177 52 l’autre...

113 245 59 46 Paris
217 245 18 44 au
283 244 56 44 mois
384 244 113 43 d’août...
535 244 28 40 les
607 243 126 40 amateurs
777 243 19 37 de

111 284 45 44 jazz
198 283 118 44 moderne
358 282 81 43 furent
475 281 87 42 réduits
607 281 9 41 à
650 281 9 40 la
704 280 93 40 portion

113 317 126 38 congrue.
269 316 102 38 Apollo,
404 315 63 38 Gill’s
508 314 71 39 Club,
612 313 74 39 Living
727 312 60 39 Room

108 351 117 46 fermés..
256 351 19 44 Le
319 351 60 44 Chat
414 351 37 43 qui
483 351 75 42 Pêche
602 351 148 41 également
785 351 16 39 et

111 385 36 44 l’on
183 385 58 43 peut
268 385 18 43 se
319 385 142 42 demander
488 386 138 40 pourquoi,
653 386 64 39 étant
747 386 57 38 don¬

111 424 26 42 né
165 424 9 41 le
211 423 98 42 nombre
341 423 20 41 de
395 422 118 41 touristes
547 421 38 41 qui
611 420 109 41 passent
749 420 54 40 cha¬

112 461 37 35 que
189 460 44 35 soir
268 460 29 35 rue
337 460 20 34 de
396 459 8 35 la
443 458 121 36 Huchette
601 458 20 34 en
661 457 57 35 cette
757 457 45 34 sai¬

111 493 73 40 son...
211 493 58 40 Seul
296 493 9 39 le
340 491 147 41 Riverboat,
513 490 200 41 contrairement
742 489 9 41 à
778 489 17 41 ce

112 528 36 46 que
190 528 56 44 nous
285 528 82 46 avions
406 528 118 43 annoncé
557 528 56 40 dans
652 528 59 38 notre
750 528 52 36 der¬

111 563 48 41 nier
193 562 117 42 numéro,
338 562 82 41 devait
454 562 79 41 rester
568 561 88 42 ouvert
687 561 19 41 et
741 561 56 41 nous

111 602 74 37 avons
226 601 17 38 pu
286 601 0 38 y
324 600 118 39 entendre
482 599 60 40 outre
583 599 28 40 les
652 598 144 41 orchestres

109 630 123 46 habituels
279 632 117 44 (Mowgli
430 633 82 43 Jospin
559 634 10 42 le
619 634 123 42 vendredi
783 636 16 40 et

111 666 86 45 l’lrakli
231 666 49 44 Jazz
320 666 62 43 Band
428 666 9 43 le
480 667 123 41 samedi),
640 667 9 40 le
692 667 37 40 trio
775 667 19 39 de

113 705 121 40 Siegfried
278 705 104 39 Kessler
420 704 129 39 composé
585 704 19 38 de
648 703 79 38 Didier
763 703 41 37 Le¬

112 740 64 42 valet
211 740 10 38 à
253 740 10 36 la
304 739 74 44 basse
423 739 16 45 et
478 739 87 43 d’Alain
610 738 93 46 Légner
741 738 10 38 à
786 738 10 42 la

109 773 129 41 batterie;
266 773 61 40 Alain
364 773 101 39 Guérini
493 773 187 39 efficacement
709 773 91 38 secon¬

111 810 26 39 dé
170 810 37 39 par
241 809 93 39 Claude
373 808 180 40 Lebiguegnon
592 807 113 40 annonce
744 807 57 39 pour

111 844 10 46 la
165 844 91 45 rentrée
303 845 34 42 des
381 845 176 40 programmes
601 845 19 36 de
667 846 44 34 jazz
752 846 47 33 mo¬

110 882 70 41 derne
217 881 57 42 pour
301 880 50 43 tous
384 879 30 44 les
448 878 60 45 soirs
541 877 21 46 de
595 875 110 48 semaine
742 874 60 49 ainsi

111 918 38 39 que
189 916 121 41 quelques
350 915 192 41 améliorations
582 914 17 42 au
643 913 97 42 confort
775 913 20 42 du

107 950 151 44 Riverboat.

112 991 61 44 Côté
197 991 178 45 traditionnel,
396 991 10 45 le
440 991 99 46 Caveau
570 991 21 46 de
625 991 10 46 la
666 991 138 47 Huchette,

111 1032 87 38 ouvert
226 1032 48 38 tout
305 1031 67 38 l’été,
397 1031 28 38 n’a
462 1031 39 38 pas
538 1030 129 39 désempli
695 1029 53 39 avec
785 1029 8 39 le

112 1067 82 38 septet
221 1067 20 38 de
274 1066 64 40 Dany
371 1066 82 40 Doriz,
477 1066 79 40 maître
588 1065 39 42 des
659 1065 73 42 lieux.
759 1065 35 42 Les

112 1097 54 42 Trois
205 1097 103 43 Mailletz
344 1097 36 43 ont
410 1097 126 43 présenté
563 1097 235 44 successivement

112 1134 40 42 Bill
183 1134 118 41 Coleman
341 1134 18 40 et
390 1134 9 40 la
442 1134 138 40 chanteuse
617 1135 55 37 (très
712 1135 89 37 appré¬

109 1169 46 44 ciée
195 1169 37 44 par
266 1168 28 44 les
331 1168 144 44 amateurs)
506 1168 80 43 Cécily
626 1167 80 44 Ford;
736 1167 59 43 nous

109 1206 74 41 avons
217 1205 18 42 pu
269 1205 68 42 noter
364 1204 123 42 quelques
518 1203 188 43 changements
739 1203 56 42 dans

108 1238 10 46 le
152 1238 145 46 personnel
322 1238 19 44 de
376 1238 148 44 l’orchestre
558 1238 19 43 de
612 1238 91 42 Claude
738 1238 66 41 Guil¬

110 1277 59 40 hot;
195 1276 88 41 Patrice
319 1276 70 41 Galas
419 1276 0 41 y
451 1276 150 40 remplaçait
625 1275 67 41 René
719 1275 79 41 Urtré¬

109 1316 40 42 ger
183 1315 19 41 et
232 1315 47 39 Guy
319 1314 77 37 Hayat
429 1314 96 41 prenait
556 1313 58 43 pour
648 1313 37 37 cet
716 1312 37 41 été
787 1312 9 43 la

109 1349 63 44 place
205 1349 22 44 de
260 1349 93 44 Michel
380 1349 97 44 Denis;
504 1349 9 44 le
546 1349 105 44 flûtiste,
675 1349 127 44 soprano,

108 1379 97 46 baryton
252 1379 73 46 Teddy
362 1380 70 45 Lasry
469 1380 150 45 remplaçait
652 1381 147 44 également

108 1419 57 43 pour
198 1418 122 44 quelques
349 1417 77 44 temps
461 1416 55 44 l’alto
551 1415 19 45 et
596 1414 67 46 ténor
692 1413 100 46 Richard

109 1455 57 39 Raux
202 1455 63 39 (tous
300 1454 58 39 deux
394 1454 106 39 brillants
536 1453 101 39 solistes
673 1453 19 39 de
730 1453 69 38 Mag¬

110 1489 56 37 ma).
204 1489 23 37 Au
275 1488 50 39 Slow
377 1488 53 39 Club
477 1488 62 39 c’est
580 1487 145 41 l’orchestre
772 1487 20 41 de

107 1522 75 42 Maxim
228 1523 75 42 Saury
339 1523 36 43 qui
402 1524 151 44 remplaçait
582 1525 62 43 celui
674 1525 19 44 de
733 1526 59 44 Marc

108 1558 135 43 Laferrière
283 1558 59 43 pour
375 1559 20 42 un
431 1559 74 43 mois.

109 1605 77 45 Avant
214 1605 15 45 sa
263 1605 132 45 fermeture
429 1605 9 44 le
472 1605 64 44 Chat
561 1605 40 44 qui
626 1605 73 44 Pêche
736 1605 62 43 avait

108 1646 97 37 d’abord
240 1646 125 37 présenté
390 1646 8 37 l'
426 1646 0 37 «
459 1646 124 37 European
619 1646 86 37 Rhythm
749 1646 50 37 Ma¬

107 1674 63 44 chine
209 1675 0 43 »
245 1675 18 43 de
303 1676 57 42 Phill
387 1677 108 41 Woods,
525 1678 99 40 quartet
655 1680 141 38 particuliè¬

109 1715 93 39 rement
237 1715 160 39 homogène,
429 1716 48 38 puis
515 1716 90 38 Nathan
651 1717 69 37 Davis
760 1717 38 37 ac¬

108 1752 146 35 compagné
288 1752 38 35 par
360 1752 10 35 le
408 1752 34 35 trio
483 1752 19 35 de
543 1752 115 35 Georges
699 1752 98 35 Arvani¬

108 1785 45 38 tas.
185 1783 199 41 D’infatigables
426 1783 0 41 «
464 1780 187 45 Free-Jazzmen
696 1780 16 46 »,
744 1779 58 47 dont

107 1816 98 44 Roscoe
243 1817 122 43 Mitchell,
394 1817 119 42 devaient
542 1818 15 41 se
595 1818 88 41 joindre
721 1819 9 39 à
759 1819 34 39 ces

109 1856 126 38 derniers,
261 1856 8 38 à
294 1856 9 38 la
339 1856 90 39 grande
466 1856 36 39 joie
538 1856 20 40 de
595 1856 67 40 Frank
698 1856 101 41 Wright,

108 1886 64 46 Noah
217 1887 102 44 Howard
361 1888 19 43 et
418 1888 135 43 Mohamed
598 1889 41 41 Ali,
675 1889 115 41 présents

107 1927 57 46 dans
199 1927 9 44 la
243 1926 72 45 salle.
337 1926 22 43 La
394 1926 113 42 direction
545 1926 19 40 de
598 1925 35 40 cet
661 1925 139 39 établisse¬

107 1962 64 43 ment
216 1962 55 43 nous
318 1962 112 42 annonce
480 1962 59 42 pour
580 1962 11 42 la
638 1962 94 41 rentrée
779 1962 9 41 le

108 1996 110 49 passage
252 1996 20 47 de
302 1996 97 46 Freddie
435 1996 111 44 Hubbard
579 1996 17 42 et
622 1996 107 42 d’autres
763 1996 36 40 ve¬

108 2031 81 47 dettes
225 2032 232 47 internationales.

107 2072 57 44 Léon
206 2073 117 42 Thomas,
350 2074 121 41 chanteur
504 2075 84 39 révêlé
618 2076 39 37 par
687 2076 27 37 les
753 2077 45 35 dis¬

108 2114 56 37 ques
207 2114 18 37 de
273 2114 107 36 Pharoah
429 2114 127 36 Sanders,
591 2114 84 35 s’était
713 2114 84 34 égale¬

107 2141 66 42 ment
211 2142 98 42 produit
346 2143 76 42 début
459 2145 76 40 iuillet
572 2146 10 40 à
620 2146 116 41 l’Apollo,
770 2148 19 39 en

107 2183 151 38 compagnie
296 2182 19 40 de
352 2182 70 41 René
456 2182 116 42 Thomas,
601 2181 69 44 Eddie
707 2181 85 45 Louiss

109 2217 19 44 et
157 2217 104 44 Bernard
299 2217 88 44 Lubat.

980 189 85 109 LES
1164 187 322 111 CABARETS

924 323 112 39 APOLLO,
1069 323 28 39 27,
1133 323 24 39 rue
1198 323 91 40 d’Artois
1328 323 41 40 (8).
1404 323 55 40 BAL.
1495 323 63 40 18-92.

921 349 38 46 Non
991 351 167 44 communiqué.

924 407 99 41 CAVEAU
1056 406 22 41 DE
1112 406 18 40 LA
1164 403 147 43 HUCHETTE,
1333 402 15 43 5,
1373 401 27 43 rue
1431 401 15 43 de
1477 400 9 44 la
1517 399 37 44 Hu¬

922 439 64 41 chette
1026 439 40 41 (5e).
1099 439 64 42 DAN,
1193 438 63 43 65-05.
1290 438 177 44 Consommation
1507 438 0 44 7
1541 438 0 44 F

927 471 44 46 Tous
1002 471 24 46 les
1060 471 51 46 soirs
1142 471 17 46 de
1189 471 17 46 21
1237 471 0 46 h
1268 471 13 46 30
1312 471 10 46 à
1346 471 0 46 1
1377 471 0 46 h
1408 471 13 46 30
1452 471 95 46 (matinée

921 507 8 40 le
967 507 132 41 dimanche).
1128 507 51 41 Dany
1214 507 54 41 Doriz
1303 507 86 42 Septet.

924 561 94 43 CAVEAU
1062 561 24 42 DE
1124 561 18 41 LA
1183 561 165 40 MONTAGNE,
1380 561 27 39 18,
1439 561 27 38 rue
1504 561 53 38 Des¬

924 595 63 39 cartes
1024 595 42 40 (5e).
1096 595 60 40 ODE.
1183 595 67 41 82-39.
1280 595 178 42 Consommation
1494 595 12 42 10
1542 595 15 42 F.

921 625 68 41 Jeudi,
1011 624 115 41 vendredi,
1149 624 84 41 samedi
1256 624 14 40 de
1298 624 14 40 22
1340 624 0 39 h
1371 624 6 39 à
1399 623 0 40 2
1424 623 17 40 h.
1464 623 92 40 Orches¬

921 655 36 44 tres
987 656 36 42 New
1063 656 102 41 Orleans.

924 710 61 46 CHAT
1016 711 45 45 QUI
1088 711 92 45 PECHE,
1201 711 17 45 4,
1242 712 27 44 rue
1300 712 14 44 de
1348 712 7 44 la
1386 712 99 44 Huchette
1515 713 42 43 (5e).

922 747 61 40 DAN.
1019 747 61 40 23-06.
1116 747 179 40 Consommation
1336 747 9 39 15
1386 747 17 39 F.
1439 747 47 39 Tous
1524 747 26 39 les

923 779 50 42 soirs
1007 779 16 42 de
1061 778 12 43 22
1108 778 0 43 h
1142 778 10 43 à
1177 778 0 43 3
1211 778 19 43 h.
1259 778 69 43 Fermé
1359 777 107 44 mercredi
1494 777 53 44 (sous

921 806 97 44 réserve)
1047 806 84 44 Freddie
1166 805 110 46 Hubbard.

923 865 15 41 LA
976 864 104 43 CIGALE,
1108 864 38 43 124,
1171 864 16 43 bd
1218 864 170 44 Rochechouart
1410 863 57 46 (18e).
1495 863 60 46 Tél.:

923 897 68 37 MON,
1019 897 62 38 59-29.
1109 898 177 37 Consommation
1320 898 0 37 4
1354 898 0 37 F
1385 898 17 38 et
1427 899 0 37 6
1461 899 17 37 F.
1506 899 45 37 Tous

921 931 23 40 les
978 931 52 40 soirs
1061 931 18 41 de
1113 931 14 41 21
1159 931 0 41 h
1193 931 12 41 30
1236 931 9 41 à
1271 931 0 41 2
1302 931 18 41 h.
1348 931 69 42 Fermé
1443 931 12 42 le
1486 931 66 42 jeudi.

923 961 113 41 Orchestre
1068 961 18 41 Al
1110 961 77 42 Lirvat.

921 1019 71 37 GILL'S
1038 1019 76 37 CLUB,
1149 1019 13 37 7,
1195 1019 26 37 rue
1261 1019 292 37 Sainte-Croix-de-la-Bre¬

920 1051 91 40 tonnerie
1038 1050 44 41 (4e).
1102 1050 62 41 LOU.
1182 1050 65 41 05-95.
1270 1049 177 42 Consommation
1476 1049 0 42 :
1500 1049 12 42 12
1541 1049 12 42 F.

919 1081 104 38 Etudiants
1059 1081 8 38 10
1100 1081 16 38 F.
1143 1081 44 38 Tous
1217 1081 25 39 les
1272 1081 49 39 soirs
1354 1081 17 39 de
1401 1081 13 39 22
1445 1081 0 40 h
1477 1081 6 40 à
1507 1081 0 40 4
1535 1081 18 40 h.

915 1110 95 40 Jusqu’au
1046 1110 13 41 12
1092 1109 0 42 :
1121 1108 105 43 Siegfried
1259 1107 88 45 Kessler
1380 1106 26 46 trio
1442 1106 43 47 plus
1517 1105 36 48 Jeff

914 1144 91 37 Saeffler
1037 1144 51 37 (ts);
1117 1144 14 37 du
1168 1144 11 37 14
1213 1144 16 37 au
1264 1143 14 37 20
1312 1143 0 37 :
1339 1143 88 37 Charles
1465 1143 85 37 Tolliver

918 1176 99 37 quartet;
1041 1176 15 36 du
1088 1175 15 37 21
1132 1175 16 37 au
1176 1175 16 37 30
1221 1175 0 37 :
1247 1175 96 36 François
1377 1174 89 37 Tusques
1497 1174 58 36 quar¬

918 1208 43 39 tet;
987 1208 16 40 du
1036 1207 27 43 1er
1089 1207 16 44 au
1138 1207 56 47 10/10
1223 1207 0 46 :
1253 1207 62 45 Pierre
1348 1206 56 43 Favre
1437 1206 91 40 quartet.

922 1257 77 42 LIVING
1037 1258 89 41 ROOM,
1149 1259 28 41 25,
1203 1260 26 40 rue
1261 1260 14 40 du
1307 1261 86 40 Colisée
1425 1262 43 39 (8e).
1494 1262 37 40 Tél.
1557 1287 0 0 :

921 1293 52 40 ELY,
995 1293 63 40 25-29.
1080 1294 178 39 Consommation
1291 1295 11 37 15
1329 1295 17 37 F.
1373 1295 44 37 Tous
1447 1295 22 37 les
1499 1296 49 36 soirs

920 1326 14 41 de
968 1326 15 41 22
1012 1326 0 40 h
1046 1326 9 40 à
1078 1326 0 40 4
1109 1326 18 40 h.
1155 1326 69 39 Fermé
1250 1325 9 40 le
1293 1325 124 40 dimanche.
1446 1325 29 39 Art
1503 1325 49 38 Sim¬

921 1360 56 40 mons
1010 1359 29 42 trio
1075 1359 13 42 et
1118 1359 62 43 Aaron
1213 1358 112 46 Bridgers.

920 1411 14 42 LE
971 1411 49 42 TOIT
1052 1412 20 41 DE
1106 1412 67 41 PARIS
1207 1413 72 40 (Hôtel
1305 1413 95 40 Hylton),
1426 1414 23 39 18,
1475 1414 31 39 av.
1529 1415 18 38 de

919 1448 93 39 Suffren,
1036 1448 51 39 Paris
1116 1448 54 39 (15e).
1197 1448 42 39 Tous
1269 1448 24 39 les
1322 1448 51 39 soirs
1402 1448 54 39 (sauf
1480 1448 72 39 lundi).

915 1478 105 44 Stéphane
1054 1478 114 44 Grappelli
1196 1478 15 43 et
1236 1478 31 43 son
1301 1478 118 43 Quintette.

919 1522 164 49 RIVERBOAT,
1110 1526 30 46 67,
1163 1527 27 45 rue
1223 1528 257 46 Saint-André-des-Arts
1514 1534 41 41 (6e).

917 1568 50 41 Sans
993 1568 130 42 téléphone.
1146 1568 177 42 Consommation
1352 1568 12 42 10
1393 1568 15 43 F.
1429 1568 70 43 Soirée
1529 1568 17 43 de

921 1598 17 45 22
964 1598 2 45 h
996 1598 9 45 à
1028 1598 2 45 2
1056 1598 2 45 h

921 1657 56 38 SLOW
1027 1656 79 40 CLUB,
1140 1655 38 41 130,
1209 1655 29 42 rue
1275 1655 16 42 de
1332 1654 75 44 Rivoli,
1439 1653 113 46 Paris-Ier.

924 1690 37 36 Tél.
989 1690 0 37 :
1014 1690 62 37 GUT.
1101 1690 65 38 84-30.
1194 1690 177 40 Consommation
1404 1690 14 40 13
1449 1690 14 40 et
1494 1690 11 41 15
1539 1690 14 41 F.

922 1720 44 37 Tous
1001 1720 24 37 les
1060 1720 50 38 soirs
1145 1721 15 38 de
1195 1721 15 38 21
1239 1721 3 39 h
1275 1721 14 39 30
1322 1721 9 40 à
1357 1721 0 40 1
1389 1721 0 40 h
1425 1722 26 40 30.
1481 1722 70 41 Fermé

919 1752 10 39 le
967 1752 65 40 lundi.
1061 1752 128 41 Dimanche,
1218 1752 88 42 matinée
1343 1752 10 42 15
1387 1752 19 43 h.
1434 1752 113 44 Orchestre

920 1781 52 42 Marc
1002 1780 131 42 Laferrière.

924 1833 66 48 TROIS
1026 1834 134 49 MAILLETZ,
1186 1836 26 45 56,
1238 1837 27 44 rue
1297 1837 92 43 Galande
1422 1839 39 40 (5e).
1490 1839 40 39 Tél.

921 1869 62 36 ODE.
1007 1869 69 37 00-79.
1103 1870 176 38 Consommation
1314 1871 10 38 18
1359 1871 16 38 F.
1402 1871 77 39 Ouvert
1506 1872 43 39 tous

921 1900 26 38 les
980 1900 51 39 soirs
1065 1900 45 39 avec
1144 1901 39 38 Bill
1211 1901 101 39 Coleman
1346 1901 14 39 et
1388 1901 79 40 Claude
1501 1902 56 39 Guil¬

920 1932 32 40 hot
978 1933 44 40 avec
1053 1933 21 41 R.
1100 1934 98 41 Urtreger
1224 1935 14 41 et
1264 1935 20 42 R.
1307 1935 62 43 Raux,

922 1983 177 47 CALAVADOS,
1123 1983 27 47 rue
1181 1983 174 49 Pierre-Charron
1386 1983 41 49 (8e).
1450 1983 45 50 Tous
1525 1983 24 50 les

918 2022 53 39 soirs
999 2022 0 40 :
1023 2022 25 42 Joe
1085 2022 68 45 Turner

921 2079 119 46 ECUSSON
1091 2080 0 45 :
1125 2080 28 45 13,
1188 2080 25 45 rue
1260 2081 126 44 Tiquetone,
1421 2081 53 44 Paris
1512 2082 41 43 (2e).

926 2114 35 35 Tél.
996 2114 0 35 :
1028 2113 124 38 236-57-46;
1184 2113 41 38 tous
1266 2113 24 39 les
1328 2113 53 40 soirs
1419 2112 44 42 sauf
1498 2112 56 43 lundi

921 2144 12 39 de
968 2144 12 40 22
1012 2144 0 40 h
1047 2144 6 41 à
1078 2144 0 41 2
1113 2144 0 41 h
1147 2144 0 42 :
1173 2144 56 42 Mezz
1258 2144 94 44 Mezzrow
1393 2144 44 45 avec
1472 2144 82 46 Gilbert

920 2176 49 40 Rost
993 2176 109 42 Quartette

174 2366 240 132 Caveau
508 2366 49 135 de
651 2366 30 135 la
775 2365 316 140 Huchette

279 2491 18 44 5,
324 2492 36 43 RUE
393 2492 21 43 DE
444 2493 18 42 LA
501 2493 123 41 HUCHETTE
655 2495 45 39 (se)
727 2495 0 39 —
772 2496 39 38 Tél.
838 2496 66 37 DAN,
928 2497 66 36 65-05

164 2524 19 57 LE
233 2525 136 55 CÉLÈBRE
415 2527 155 52 CABARET
617 2529 27 49 DE
686 2530 74 47 JAZZ
810 2531 31 45 QU
892 2532 62 44 L'ON
1008 2534 105 41 DANSE

401 2584 181 69 OUVERT
649 2584 24 63 EN
754 2584 124 64 AOUT

617 2636 50 45 avet

174 2672 232 101 DANY
497 2671 253 104 DORIZ
849 2671 260 104 SEPTET

269 2770 60 46 avec
364 2770 83 47 DANY
482 2770 87 48 DORIZ
604 2770 73 49 (vib),
705 2770 94 50 WANI
827 2770 104 51 HINDER
966 2770 35 51 (ts)

272 2812 144 46 GEORGES
448 2814 85 45 DERSY
564 2815 54 45 (tp);
643 2816 107 46 MICHEL
782 2817 148 47 CAMICAS
961 2818 54 47 (tb);

192 2856 124 51 GABRIEL
352 2857 202 51 GARVANOFF
582 2859 43 49 (p),
650 2860 191 50 JEAN-MARIE
877 2861 141 50 INGRAND
1054 2863 42 48 (b),

472 2900 85 45 TEDDY
595 2902 110 46 MARTIN
749 2903 70 47 (dm);

442 2943 97 38 OUVERT
574 2943 14 39 T.
605 2943 15 39 L.
637 2943 20 40 S.
683 2943 9 40 à
718 2943 20 41 21
772 2943 15 41 h.
815 2943 17 42 30

316 2971 123 39 MATINÉES
478 2971 128 38 DIMANCHE
645 2971 16 37 16
697 2971 19 37 H.
740 2971 0 36 —
787 2971 71 36 Entrée
888 2971 0 35 :
918 2971 0 35 7
954 2971 0 35 F

1675 106 22 61 Le
1737 109 63 58 Gill's
1845 112 50 55 Club
1939 111 63 56 avait
2038 103 126 63 présenté
2200 106 22 60 fin
2263 103 36 63 juin
2339 107 18 59 un

1675 185 113 18 TIOuVEdu
1833 185 83 17 sollste
1964 185 42 16 LEs
2053 185 115 16 dBbiCLie
2216 185 19 15 UU
2282 185 77 14 MUUIIC

1675 201 127 41 présent;
1828 200 9 41 il
1860 200 135 41 s’agissait
2021 200 20 40 du
2076 200 63 40 jeune
2173 199 188 40 saxophoniste

1674 238 56 36 alto,
1759 238 67 36 ténor
1857 238 20 37 et
1907 238 124 38 clarinette
2070 238 71 39 basse
2180 238 42 40 Jeff
2253 238 115 41 Saeffer,

1672 272 126 39 transfuge
1833 272 20 39 du
1885 272 118 40 big-band
2034 272 20 40 de
2086 272 92 41 Claude
2213 272 155 42 Cagnasso,

1673 308 185 39 accompagné
1889 308 18 39 de
1944 307 123 41 Siegfried
2104 306 105 42 Kessler
2240 306 18 43 au
2295 305 65 44 piano

1675 343 153 36 électrique,
1864 342 81 38 Didier
1984 341 109 40 Levallet
2132 341 9 40 à
2174 340 12 42 la
2228 339 75 44 basse
2345 339 18 44 et

1675 378 48 42 Jean
1764 377 29 43 My
1838 377 83 43 Truong
1963 376 10 44 à
2005 376 9 44 la
2053 375 118 45 batterie.
2200 375 26 45 Un
2267 374 96 46 quartet

1674 409 58 41 dont
1763 409 21 40 on
1824 409 149 40 reparlera!
2008 410 17 38 Le
2065 410 60 38 Gill’s
2165 410 52 37 Club
2260 411 104 36 présen¬

1672 448 45 44 tera
1757 448 38 44 dès
1833 448 9 44 la
1883 448 95 46 rentrée
2019 448 18 44 un
2082 448 110 46 nouveau
2233 448 81 41 visage
2358 448 7 43 à

1676 484 35 38 ses
1751 483 115 38 habitués
1906 482 37 38 qui
1975 482 120 38 pourront
2130 481 19 38 en
2191 481 59 37 effet
2285 480 0 38 y
2328 480 37 37 dé¬

1676 519 94 37 couvrir
1812 519 18 36 en
1877 518 237 37 rez-de-chaussée
2164 517 36 36 une
2247 517 110 36 nouvelle

1674 554 55 39 salle
1770 553 93 40 utilisée
1901 553 102 39 jusqu’à
2035 553 83 38 minuit
2150 553 20 38 en
2211 552 148 39 spectacles

1675 591 194 36 d’avant-garde
1913 591 18 36 et
1968 591 109 36 théâtre,
2114 591 17 36 et
2168 591 70 36 après
2282 591 82 36 minuit

1674 625 18 39 en
1730 625 168 39 discothèque
1938 625 19 39 de
1997 625 43 39 jazz
2075 625 56 39 avec
2168 625 198 39 restauration;

1672 657 8 40 le
1721 657 118 40 musicien
1879 659 17 39 et
1928 659 103 39 écrivain
2069 660 173 39 Jean-Claude
2282 661 83 38 Albert

1673 690 63 44 Weil
1764 690 17 44 et
1809 690 10 44 le
1858 690 107 45 bassiste
2003 690 91 45 Benoît
2121 690 112 46 Charvet
2264 690 101 46 doivent

1674 730 135 42 participer
1847 730 8 40 à
1890 730 11 39 la
1947 729 112 40 nouvelle
2105 728 95 39 gestion
2246 728 20 37 du
2312 727 60 38 club.

1675 763 108 39 toujours
1831 762 76 40 dirigé
1946 762 39 40 par
2027 761 90 42 Gérard
2168 760 115 43 Terronès
2328 759 39 44 qui

1675 799 110 41 annonce
1822 799 20 40 de
1880 798 138 41 profondes
2055 797 190 41 améliorations
2283 796 34 41 sur
2349 796 9 41 le

1676 837 47 44 plan
1763 836 18 44 du
1824 835 111 45 confort,
1966 835 19 44 du
2028 834 83 44 piano,
2142 833 18 45 de
2203 833 10 44 la
2253 832 55 45 sono
2348 832 19 44 et

1672 872 95 41 surtout
1793 871 37 41 des
1862 870 192 42 programmes.
2077 870 155 40 (Prévisions
2264 869 0 40 :
2290 869 74 40 Char¬

1671 904 29 39 les
1747 905 99 39 Tolliver
1885 906 110 38 quartet,
2031 907 8 37 le
2084 907 34 37 trio
2166 908 98 37 Roques
2309 909 48 36 plus

1675 945 61 35 Slide
1782 944 137 36 Hampton,
1952 944 51 35 John
2048 944 102 35 Surman
2193 943 53 35 trio,
2284 943 71 35 Pierre

1675 978 68 42 Favre
1781 977 109 44 quartet,
1921 976 92 45 Michel
2044 976 92 46 Portal,
2167 976 68 47 Frank
2276 975 92 49 Wright

1673 1015 149 46 quartet...).

1677 1085 86 54 SOIREE
1812 1092 0 47 A
1857 1091 18 47 LA
1924 1088 146 50 MUTUALITE
2115 1086 19 52 AU
2186 1084 86 54 PROFIT
2317 1086 37 51 DES

1676 1130 0 39 «
1707 1130 73 40 BLACK
1817 1130 129 41 PANTHERS
1980 1130 0 41 »

1674 1180 13 42 Je
1719 1180 52 43 crois
1803 1180 29 43 que
1864 1180 71 44 jamais
1967 1180 16 44 on
2015 1180 55 45 avait
2096 1181 16 44 pu
2144 1181 42 45 faire
2218 1181 67 45 entrer
2314 1181 45 46 dans

1679 1211 8 36 la
1719 1211 75 37 grande
1825 1211 49 38 salle
1906 1211 17 39 de
1955 1211 8 39 la
1998 1211 112 40 Mutualité
2136 1212 69 40 autant
2231 1212 17 41 de
2280 1213 72 41 monde

1677 1240 88 37 D’après
1797 1240 27 37 les
1856 1240 136 38 estimations
2024 1240 15 38 du
2074 1240 120 39 personnel
2221 1240 18 39 de
2271 1240 9 39 la
2312 1240 47 39 salle

1676 1266 9 37 il
1714 1266 68 38 devait
1811 1266 0 38 y
1846 1266 56 39 avoir
1932 1266 0 39 5
1964 1266 9 40 à
1999 1266 50 40 6000
2082 1266 135 42 personnes.
2243 1266 112 43 Beauçoup

1678 1294 15 34 de
1730 1294 94 34 Français
1859 1294 15 35 de
1911 1294 7 35 la
1953 1294 134 35 métropole,
2111 1294 112 36 beaucoup
2258 1294 14 36 de
2310 1294 57 36 Fran¬

1678 1321 38 35 çais
1749 1321 33 35 des
1818 1320 99 36 Antilles,
1945 1320 109 36 beaucoup
2090 1319 142 37 d’Africains,
2260 1319 15 37 de
2314 1319 50 37 Viet¬

1680 1346 106 35 namiens,
1818 1346 14 35 de
1870 1346 46 36 gens
1953 1346 15 37 du
2005 1346 115 39 Maghreb,
2149 1346 14 39 en
2201 1346 98 41 majorité
2331 1346 31 42 des

1676 1372 85 43 jeunes,
1796 1372 50 43 entre
1887 1373 71 41 quinze
1999 1373 15 41 et
2049 1373 59 41 trente
2149 1373 44 41 ans.
2228 1374 38 39 Une
2307 1374 50 39 foule

1677 1400 97 39 ardente,
1798 1400 107 41 vibrante,
1931 1400 148 43 passionnée.

1677 1425 36 43 Sur
1740 1426 9 42 la
1782 1426 76 42 scène,
1885 1427 39 41 tout
1951 1428 99 41 d’abord,
2074 1429 18 40 un
2122 1430 76 39 groupe
2231 1431 15 38 de
2279 1431 87 38 percus¬

1679 1459 118 40 sionnistes
1833 1460 0 39 :
1861 1460 54 40 Alain
1951 1460 112 40 Charlery.
2091 1461 14 39 un
2145 1461 109 40 Français,
2282 1462 84 39 Djibril,

1676 1489 16 32 un
1727 1489 147 34 Sénégalais,
1903 1489 0 34 «
1935 1489 43 35 Blue
2016 1489 0 36 »
2050 1489 102 37 Ostaine,
2181 1489 110 38 originaire
2326 1489 32 39 des

1677 1514 115 39 Bahamas,
1818 1514 37 39 Don
1887 1514 71 40 Moye,
1984 1514 15 40 un
2030 1515 133 40 Américain,
2186 1515 43 40 Earl
2255 1515 92 41 Freeman

1676 1542 51 36 autre
1760 1542 134 37 Américain.

1678 1567 80 41 Ensuite
1789 1567 9 41 le
1829 1567 74 42 groupe
1933 1567 16 42 de
1980 1567 55 43 Frank
2066 1568 89 42 Wright,
2179 1568 13 43 au
2222 1568 68 43 ténor,
2315 1568 43 44 avec

1674 1604 52 40 Noah
1757 1604 85 40 Howard
1872 1604 5 40 à
1899 1604 69 40 l’alto,
1990 1604 68 40 Bobby
2088 1605 28 39 Few
2152 1605 16 39 au
2198 1605 71 39 piano,
2291 1605 74 39 Moha¬

1678 1628 39 35 med
1753 1629 26 35 Ali
1808 1630 7 34 à
1842 1630 9 35 la
1882 1631 85 36 batterie

1678 1658 73 42 Furent
1784 1658 77 42 ensuite
1899 1659 90 42 projetés
2028 1659 32 43 des
2095 1659 48 43 films
2182 1659 125 45 soulignant
2336 1660 25 44 les

1679 1688 109 36 violences
1831 1689 115 37 policières
1992 1690 29 37 aux
2067 1690 117 39 Etats-Unis
2227 1691 22 39 où
2289 1692 72 39 encore

1677 1718 96 37 tournant
1804 1718 15 38 en
1856 1718 92 40 dérision
1985 1718 9 40 le
2031 1718 87 42 pouvoir
2148 1718 114 44 américain
2299 1718 16 44 ou
2349 1718 9 45 la

1677 1743 60 44 garde
1770 1745 71 42 civile.

1678 1775 43 35 Puis
1757 1776 18 35 un
1810 1776 74 36 groupe
1922 1777 106 36 composé
2059 1778 17 36 de
2112 1778 73 36 Joseph
2221 1779 91 37 Jarman,
2343 1780 15 36 de

1676 1802 94 37 Malachi
1807 1803 86 36 Favors,
1929 1803 16 36 de
1987 1803 36 37 Don
2065 1804 55 36 Moye
2161 1804 16 36 et
2211 1804 39 36 d’un
2292 1805 73 35 remar¬

1676 1832 70 37 quable
1783 1832 187 37 percussionniste
2004 1832 140 38 sénégalais.
2173 1833 21 37 Ce
2225 1833 26 37 fut
2277 1833 78 37 ensuite

1676 1860 13 33 au
1724 1860 40 34 tour
1794 1860 16 34 du
1845 1860 72 35 groupe
1952 1860 16 36 de
2002 1860 156 37 l’Association
2192 1860 115 38 Culturelle
2342 1860 16 39 du

1678 1883 96 40 Maghreb
1810 1884 30 39 aux
1871 1884 88 39 rythmes
1992 1885 63 37 variés
2088 1885 14 37 et
2129 1885 137 37 percutants.

1677 1922 61 35 Après
1770 1922 14 36 un
1816 1922 91 36 entracte
1939 1922 34 37 très
2005 1922 67 37 court,
2096 1922 16 38 un
2144 1922 75 38 groupe
2251 1922 107 39 d’acteurs

1678 1945 46 34 dont
1760 1946 50 33 notre
1851 1946 38 34 ami
1923 1947 65 34 James
2029 1948 115 35 Campbell
2178 1949 19 34 fit
2231 1949 74 35 revivre
2348 1950 10 35 le

1680 1973 0 35 «
1716 1973 74 36 Procès
1825 1973 17 37 de
1877 1974 132 37 Chicago»
2044 1974 55 38 d’une
2138 1974 87 40 manière
2263 1975 102 40 vraiment

1675 2001 160 41 hallucinante.

1675 2029 68 39 Enfin,
1771 2029 55 40 après
1860 2029 30 40 une
1921 2029 99 41 nouvelle
2053 2029 117 42 projection
2201 2029 18 42 de
2250 2029 68 43 films,
2342 2029 16 43 ce

1678 2061 67 37 furent
1774 2061 24 37 les
1836 2061 88 37 groupes
1959 2061 16 37 de
2012 2061 32 37 pop
2082 2061 61 37 music
2181 2061 29 37 qui
2239 2061 16 37 se
2290 2061 75 37 succé¬

1677 2086 75 35 dèrent
1781 2086 30 36 sur
1845 2087 11 35 la
1891 2087 56 36 vaste
1985 2087 61 37 scène
2086 2088 16 37 de
2140 2088 10 38 la
2188 2088 123 39 Mutualité,
2343 2089 16 39 en

1679 2114 149 37 commençant
1863 2115 30 37 par
1927 2115 11 37 le
1978 2115 0 37 «
2015 2115 49 38 Baba
2104 2115 75 39 Scholœ
2229 2116 14 38 ».
2275 2116 16 38 Et
2323 2116 43 39 tout

1676 2142 40 34 cela
1753 2142 15 34 se
1805 2142 81 35 termina
1924 2142 47 35 dans
2008 2142 139 35 l’allégresse
2184 2142 15 36 et
2231 2142 25 36 les
2293 2142 72 36 témoi¬

1676 2169 79 41 gnages
1783 2169 17 41 de
1831 2169 110 41 fraternité
1966 2170 14 39 et
2008 2170 14 39 de
2053 2170 116 39 solidarité
2194 2170 25 39 les
2250 2171 39 37 plus
2320 2171 45 37 cha¬

1679 2197 97 39 leureux,

2315 2212 16 55 J.
2345 2215 23 56 H.

1404 2407 715 137 (ANDORE
2232 2412 0 125 N

1536 2619 246 78 ANCHES
1866 2629 44 68 et
1983 2618 122 79 BECS

1525 2699 77 48 POUR
1651 2700 218 56 INSTRUMENTS
1918 2702 27 52 DE
1987 2702 145 50 MUSIQUE

1358 2807 95 88 56,
1497 2807 89 88 Rue
1656 2810 146 90 Lepic
1859 2828 0 58 —
1941 2805 184 93 PARIS
2188 2805 92 95 (18e

1535 2892 61 68 Tél.
1634 2906 0 46 :
1695 2892 244 68 MONtmartre
2014 2891 104 63 39-87

2325 3061 24 55 33
