2480 3184
1283 124 166 57 Auparavant
1479 123 10 58 je
1529 122 110 59 chantais
1680 116 95 65 surtout
1810 111 35 71 des
1885 111 141 71 spirituals,
2056 111 40 71 des
2131 114 96 69 gospel
2257 113 92 70 songs.

1283 177 109 40 J’espère
1424 177 35 40 que
1494 177 29 40 les
1552 176 58 42 gens
1642 176 35 42 qui
1703 175 157 43 m’écoutent
1885 175 90 43 savent
2001 174 38 44 que
2071 174 35 45 j’ai
2132 173 144 46 enregistré
2302 173 38 46 des

1283 213 123 41 spirituals
1445 213 90 41 comme
1577 213 0 40 :
1607 213 0 40 «
1649 212 51 41 Take
1739 212 27 41 my
1805 212 76 41 hand,
1908 211 117 42 precious
2064 211 69 42 lord!
2166 211 0 41 »
2202 210 21 42 ou
2265 210 0 42 «
2304 210 33 42 The

1283 247 38 41 day
1362 247 9 41 is
1412 247 56 40 past
1503 246 39 41 and
1586 246 58 41 gone
1689 246 0 40 »
1727 246 59 40 pour
1824 246 97 39 Chess.
1953 246 9 39 Il
1997 246 27 39 me
2068 245 91 39 semble
2203 245 65 39 qu’ils
2312 245 26 38 me

1284 282 204 43 comprendront
1519 282 73 43 mieux
1629 282 44 43 s’ils
1711 281 173 44 connaissent
1912 280 72 45 aussi
2013 280 47 45 mes
2097 280 82 45 chants
2217 279 133 46 religieux.

1282 318 12 35 Il
1333 318 69 36 m’est
1444 318 78 37 arrivé
1565 318 144 39 d’entendre
1757 318 39 39 des
1844 318 123 41 amateurs
2012 318 51 42 (des
2112 318 102 43 blancs)
2256 318 42 44 dire

1286 355 0 37 «
1318 355 90 37 J’adore
1446 355 26 37 les
1510 355 64 38 blues
1611 355 192 38 traditionnels,
1833 355 8 38 je
1878 355 91 38 raffolle
2006 355 19 38 du
2065 355 77 39 rhythm
2188 355 37 39 and
2265 355 83 39 blues,

1284 390 54 38 mais
1380 389 29 39 les
1451 389 141 40 spirituals,
1624 388 29 41 les
1698 388 93 41 gospel
1826 387 74 43 songs
1941 386 183 44 m’indiffèrent
2163 386 16 45 ».
2217 385 52 46 Cela
2313 385 29 46 n’a

1285 422 54 43 aucu
1377 422 88 43 nsens.
1496 421 44 44 Ces
1578 421 54 44 gens
1669 421 17 44 ne
1724 421 92 45 savent
1847 421 37 45 pas
1918 421 17 45 ce
1973 421 68 45 qu’ils
2075 420 95 46 disent.
2197 420 17 46 Le
2252 420 78 46 rhythm

1286 463 35 37 and
1362 463 65 37 blue,
1453 463 30 37 les
1518 462 85 39 blues,
1630 462 9 39 le
1677 462 82 39 soul...
1789 462 49 39 tout
1868 462 73 39 cela..
1968 462 73 39 .c’est
2071 461 9 40 la
2121 461 70 41 même
2232 461 109 41 musique

1286 498 36 39 que
1358 497 27 40 les
1421 497 142 40 spirituals.
1593 496 24 40 Ce
1653 496 54 40 sont
1734 496 30 40 les
1800 495 58 41 mots
1891 495 39 41 qui
1957 494 120 42 diffèrent
2107 494 18 41 et
2155 494 73 41 aussi
2255 493 96 42 l’inten¬

1284 535 40 36 tion
1381 535 19 41 de
1456 535 97 45 l’artiste
1610 535 87 45 mais...
1745 535 9 34 la
1810 534 148 42 musique...
2005 534 63 42 c’est
2118 534 9 42 la
2184 534 90 42 même.
2322 534 18 44 Le

1284 571 78 35 public
1421 571 18 36 de
1498 571 104 36 couleur
1634 571 11 36 le
1701 571 45 37 sait
1797 571 67 37 bien.
1912 571 96 38 J’aime,
2080 571 16 38 en
2179 571 51 39 fait,
2280 571 59 39 toute

1288 606 9 36 la
1345 605 109 37 musique
1505 604 39 38 ou,
1580 604 18 38 si
1637 604 12 38 tu
1697 602 130 41 préfères,
1866 602 78 41 toutes
1992 601 27 42 les
2070 600 145 43 musiques.
2251 599 93 44 J’adore

1286 642 7 37 le
1329 642 127 37 classique
1491 642 18 37 et
1534 642 11 37 je
1580 642 117 37 m’amuse
1732 642 8 37 à
1765 642 18 37 en
1821 642 77 37 jouer.
1923 642 76 37 l’aime
2035 642 68 37 aussi
2131 642 28 37 les
2195 642 147 37 différentes

1284 677 131 39 musiques
1450 677 18 39 de
1506 677 131 39 l’Afrique,
1663 677 19 39 du
1719 677 88 39 Monde
1842 677 88 39 arabe,
1957 677 18 39 du
2013 677 88 39 Proche
2138 677 16 39 et
2186 677 19 39 du
2242 677 107 39 Moyen¬

97 132 0 55 -
143 131 0 55 s
176 126 87 60 grands
292 125 137 59 musiciens
462 127 20 55 de
516 123 8 58 la
557 124 99 57 période
689 122 121 57 actuelle.
834 123 199 54 Superbement
1058 132 104 42 accom¬

97 176 80 45 —gnè
205 176 37 44 par
273 175 64 44 Barre
374 175 96 43 Phillips
506 175 10 42 à
540 175 10 41 la
586 174 170 42 contrebasse
793 174 18 40 et
842 174 34 39 Stu
913 173 83 40 Martin
1033 173 9 38 à
1067 173 9 38 la
1113 173 49 38 bat¬

101 208 63 46 —e.
189 208 60 45 Pour
277 208 56 45 ceux
365 209 37 43 qui
431 209 119 43 n’étaient
578 209 38 42 pas
650 209 10 41 à
688 209 116 41 Antibes,
829 209 10 40 le
876 209 157 40 merveilleux
1068 210 84 38 disque

99 247 36 44 —e
164 246 48 45 lohn
247 246 0 44 a
276 245 144 45 enregistré
446 245 16 44 en
497 243 147 45 compagnie
680 243 16 44 de
731 242 86 45 Barre,
840 242 51 44 Stu,
917 241 80 45 Portal
1019 241 20 44 et
1064 240 96 45 Drouet

96 283 58 47 —er
189 283 10 46 la
234 283 68 46 jeune
343 283 97 45 marque
481 283 97 43 Futura,
613 283 154 42 constituera
808 283 36 40 une
889 283 215 39 compensation.

100 321 49 48 Len
188 321 56 47 Getz
280 322 17 46 ne
336 322 49 45 joue
424 322 17 45 ni
470 322 76 45 mieux
582 323 19 43 ni
631 323 75 42 moins
746 323 46 42 bien
831 324 39 40 que
910 324 10 40 le
962 324 33 39 18.
1024 324 43 39 Ses
1103 325 53 37 trois

97 361 256 45 —-compagnateurs
389 361 147 45 continuent
569 361 10 45 à
605 360 53 46 faire
697 360 148 46 sensation.

103 405 69 40 Crant
197 404 94 41 Greene
322 404 47 42 joue
401 404 66 42 bien,
489 403 53 43 mais
573 403 38 43 son
643 402 153 44 saxo-ténor
822 402 34 44 est
881 402 113 45 victime,
1016 401 16 46 ce
1066 401 98 46 soir-là,

96 443 0 38 e
126 443 36 38 ane
204 443 15 38 si
252 443 126 39 mauvaise
420 443 171 39 sonorisation
634 442 66 41 qu’on
742 442 21 41 ne
802 442 105 41 l’entend
949 442 105 42 presque
1099 442 63 42 plus,

99 474 103 40 -euvert
229 475 56 40 qu’il
312 475 35 42 est
377 476 38 42 par
442 476 106 44 l’orgue.

98 516 0 48 —
134 516 43 48 chie
209 517 79 47 Shepp
321 518 49 45 joue
403 518 85 45 encore
521 519 49 43 plus
599 519 161 43 brièvement
786 521 36 40 que
859 521 39 40 lors
931 521 19 40 de
983 522 36 39 son
1055 522 105 38 premier

97 558 113 39 cencert,
235 558 57 40 mais
326 558 35 40 est
392 558 182 41 sensationnel
606 558 16 41 au
659 557 69 42 cours
766 557 19 43 de
823 557 15 43 sa
876 557 78 43 courte
989 557 163 44 intervention

98 600 0 47 —
150 592 166 54 saxo-ténor.

100 633 154 44 Cependant
288 633 18 43 un
346 632 117 44 malaise,
497 632 98 43 d’abord
638 632 209 42 imperceptible,
881 632 9 41 à
924 631 43 42 l’air
1007 631 18 42 de
1065 631 96 41 gagner

107 668 18 44 es
161 668 154 44 musiciens.
345 669 237 43 Renseignements
621 670 40 42 pris
700 671 9 41 il
739 671 90 41 semble
871 672 36 40 que
946 672 39 40 des
1025 672 132 40 questions

100 705 19 45 Le
152 705 50 45 gros
239 706 55 43 sous
328 706 83 43 soient
438 706 10 43 à
475 706 108 43 l’origine
620 707 18 41 de
675 707 15 41 ce
727 707 99 41 malaise
866 708 15 39 et
912 708 18 39 de
970 708 56 39 cette
1065 709 99 37 presta¬

101 741 54 46 Lon,
187 741 39 46 par
261 741 109 45 moment
402 741 125 45 superbe,
560 741 38 44 par
633 741 113 44 moment
778 741 70 43 assez
887 741 183 43 incohérente.

103 781 19 46 21
148 781 74 46 juillet
247 781 4 45 :
276 781 0 45 A
315 781 51 45 part
392 782 9 44 le
437 782 295 43 saxophone-baryton,
758 782 9 42 le
803 782 150 42 saxo-ténor
982 783 20 40 et
1027 783 138 40 arrangeur

128 818 43 45 iller
202 818 113 45 Brisker,
340 819 9 44 le
386 819 126 44 guitariste
549 820 71 43 Leslie
657 820 107 43 Harvey,
792 821 64 42 jeune
896 821 96 42 Anglais
1029 821 46 42 qui,
1102 822 56 41 dans

99 854 36 42 son
168 854 72 42 pays,
264 855 69 41 dirige
370 855 18 42 un
424 856 90 41 groupe
547 856 60 41 pop,
631 856 9 41 le
673 857 126 40 guitariste
835 857 73 41 basse
941 858 18 40 et
986 858 9 40 le
1031 858 135 40 drummer,

119 886 126 44 orchestre
291 888 90 42 amené
414 889 39 41 par
489 889 84 41 Aretha
615 890 37 40 est
685 891 42 39 très
769 892 84 38 moyen
895 893 18 37 et
949 893 76 37 quand
1067 894 12 36 il
1112 895 45 35 joue

101 928 52 48 sans
193 928 193 48 accompagner
419 929 10 47 la
468 930 157 46 chanteuse,
655 930 10 46 il
694 931 36 45 est
763 931 72 45 assez
871 931 146 45 ennuyeux.

106 970 97 43 Quand,
228 970 78 43 enfin,
331 969 85 44 Aretha
451 968 87 44 arrive,
563 968 148 44 l’orchestre
745 967 19 45 et
792 967 10 45 le
836 966 88 46 chœur
956 966 53 45 sont
1037 965 100 46 parfaits
1166 980 0 31 !

137 1004 48 43 faut
212 1005 42 42 dire
290 1005 133 43 qu’Aretha
459 1006 36 42 est
525 1007 123 42 vraiment
678 1008 69 41 aussi
777 1008 105 41 grande,
913 1009 54 40 dans
1006 1010 36 40 son
1081 1010 87 40 genre,

101 1047 40 37 que
183 1047 39 37 Ray
264 1046 121 38 Charles,
419 1046 39 38 que
500 1046 76 38 James
621 1046 78 38 Brown
744 1046 20 38 ou
806 1045 96 39 qu’Otis
944 1045 126 39 Redding,
1104 1045 56 39 dans

110 1075 0 46 e
141 1075 60 46 leur.
226 1076 91 45 Qu’elle
352 1077 84 43 chante
471 1077 9 43 le
515 1078 66 41 blues
616 1078 172 41 traditionnel,
817 1080 28 38 les
876 1080 70 38 tubes
980 1081 123 37 éprouvés
1140 1082 19 35 du

102 1112 77 39 -hythm
227 1113 38 39 and
307 1113 83 39 blues,
420 1114 29 39 les
486 1115 129 38 ballades,
647 1116 48 38 tout
730 1116 34 38 est
799 1117 136 38 murmuré,
967 1118 78 37 hurlé,
1077 1118 91 38 clamé,

103 1149 91 43 orêché
229 1150 39 42 par
300 1150 38 42 une
379 1150 45 42 voix
462 1150 17 42 si
512 1151 56 41 belle
606 1151 38 41 que
683 1151 73 41 même
797 1152 77 40 quand
915 1152 35 40 elle
992 1152 17 40 ne
1050 1153 39 39 fait
1124 1153 35 39 que

101 1183 75 48 parler
206 1184 16 46 on
258 1184 46 46 est,
330 1185 65 44 déjà,
422 1186 52 43 sous
507 1187 9 41 le
552 1187 114 41 charme.

104 1222 36 48 Elle
176 1223 47 47 joue
259 1223 18 47 du
313 1224 69 46 piano
418 1225 7 44 à
454 1225 7 44 la
497 1225 105 44 manière
638 1226 36 43 des
710 1227 137 42 musiciens
883 1228 18 41 de
937 1220 141 48 spirituals,
1107 1220 54 48 dans

104 1266 14 42 un
158 1266 55 42 style
250 1266 43 41 très
328 1266 138 41 semblable
503 1267 8 39 à
540 1267 63 39 celui
632 1267 20 39 de
690 1267 43 38 Ray
770 1267 118 38 Charles.
919 1268 38 36 Elle
994 1268 75 36 danse
1109 1268 57 35 mer¬

104 1301 197 40 veilleusement
327 1301 65 40 bien,
415 1302 48 39 tout
492 1302 9 40 à
527 1302 38 40 fait
592 1302 91 40 comme
718 1302 9 40 le
762 1302 62 41 font,
848 1302 9 41 à
880 1302 12 41 la
927 1303 21 40 fin
983 1303 18 40 de
1036 1303 126 41 certaines

104 1339 170 46 prestations,
301 1339 29 46 les
366 1339 157 46 chanteuses
559 1339 20 46 de
615 1339 95 46 gospel
736 1339 92 46 songs.

105 1377 19 45 Le
169 1378 157 45 lendemain,
361 1379 10 44 le
412 1379 20 45 22
477 1380 83 44 juillet,
595 1381 87 44 Aretha
727 1382 29 43 fut
791 1382 154 44 (peut-être)
983 1384 87 43 encore
1118 1385 45 42 plus

104 1422 220 40 exceptionnelle.

106 1457 15 46 23
159 1457 75 46 juillet
266 1458 0 45 :
301 1458 0 45 «
338 1459 95 44 Garner
470 1459 29 44 tel
530 1460 66 43 qu’en
634 1460 122 43 lui-même
797 1462 16 41 ».
844 1462 129 41 Excellent
1005 1463 107 40 concert
1146 1464 19 39 du

103 1501 121 41 pianiste,
255 1501 76 41 moins
370 1501 193 40 exceptionnel,
597 1501 140 40 peut-être,
768 1501 56 40 qu’à
858 1501 92 40 Pleyel,
981 1501 11 39 il
1023 1501 0 39 y
1065 1501 0 39 a
1107 1501 56 39 deux

105 1531 54 43 ans,
191 1531 55 43 mais
287 1531 39 44 qui
361 1531 93 44 combla
495 1531 20 44 de
560 1531 80 45 plaisir
678 1531 35 45 ses
755 1531 192 45 innombrables
989 1531 182 46 admirateurs,

105 1570 137 44 musiciens
280 1570 17 45 ou
334 1570 141 46 amateurs.

1287 734 27 17 GI
1328 734 57 17 IETIL.
1411 734 11 17 JE
1459 734 20 17 IIK
1515 734 19 17 DI
1548 734 85 18 CtCTIM=
1670 734 37 18 MAS
1744 734 26 18 IEN
1807 734 124 18 CUIITIGILIE
1969 734 112 18 LUULGD.::
2109 734 20 19 1II
2157 734 56 19 MOML
2238 734 26 19 ELI
2279 734 0 19 C
2315 734 27 19 ICO

1288 748 166 40 comprendre
1487 748 9 40 à
1517 747 87 41 fond...
1631 747 51 41 mais
1715 747 72 41 j’aime
1821 747 36 41 ces
1890 747 144 41 sonorités,
2058 746 36 42 ces
2124 746 163 42 intervalles,
2311 746 36 42 ces

1286 785 81 39 quarts
1399 785 18 39 de
1449 785 30 39 ton
1513 785 16 39 et
1556 785 11 39 il
1588 785 27 39 me
1650 785 91 39 semble
1775 785 38 39 que
1845 785 10 39 je
1887 785 105 39 ressens
2024 785 16 39 ce
2074 785 105 39 qu’elles
2211 785 141 39 signifient.

1287 820 110 39 N’est-ce
1432 820 37 39 pas
1504 820 16 39 là
1550 820 155 39 l’essentiel.

1290 880 20 39 Si
1343 880 35 39 j’ai
1410 879 97 40 assisté
1540 879 38 40 aux
1616 879 118 40 concerts
1763 879 0 40 ?
1798 878 50 41 Bien
1890 878 58 41 sûr!
1981 878 41 41 J’ai
2051 878 36 41 été
2119 878 44 41 très
2204 877 141 42 intéressée

1290 914 36 39 par
1354 914 82 40 Archie
1469 915 79 39 Shepp
1584 915 17 40 et
1629 915 70 40 aussi
1721 916 40 39 par
1789 916 33 40 cet
1850 916 115 40 Anglais,
1991 917 126 40 comment
2145 917 207 41 s’appelle-t-il...

1290 949 72 39 Oui...
1386 949 51 40 John
1476 950 118 40 Surman.
1621 950 9 40 Il
1657 950 27 41 me
1720 951 93 41 semble
1849 951 39 42 que
1924 951 36 42 ces
1996 952 48 42 gars
2080 952 52 43 font
2159 952 39 44 une
2234 953 111 44 musique

1287 988 71 38 aussi
1386 988 55 38 forte
1478 988 15 39 et
1524 988 71 39 aussi
1626 988 120 40 profonde
1783 988 37 41 que
1856 988 59 42 leurs
1952 988 98 43 aînés...
2078 988 65 43 qu’ils
2180 988 120 45 arrivent,
2327 988 19 45 en

1288 1024 105 39 quelque
1430 1024 80 39 sorte,
1537 1024 19 39 au
1593 1024 72 39 même
1703 1024 133 39 résultat...
1866 1024 37 39 par
1935 1024 37 39 des
2010 1024 101 39 moyens
2149 1024 19 39 un
2205 1024 37 39 peu
2282 1024 70 39 diffé¬

1289 1052 78 43 rents.
1394 1052 82 43 Quant
1500 1052 10 44 à
1534 1052 78 45 Grant
1636 1052 133 46 Greene...
1793 1052 61 46 c’est
1882 1052 6 47 le
1922 1052 65 47 blues
2021 1052 21 48 du
2076 1052 191 49 Mississippi...
2290 1052 62 50 c’est

1289 1096 90 37 comme
1415 1096 28 37 les
1480 1096 132 39 chanteurs
1648 1096 20 39 de
1705 1096 64 40 blues
1806 1096 19 40 du
1862 1096 81 41 Delta.

1294 1146 72 41 J’aime
1398 1146 50 41 tous
1482 1146 25 41 les
1542 1146 138 42 vocalistes
1715 1146 38 43 qui
1778 1146 66 43 ont...
1872 1146 0 43 «
1903 1146 38 44 une
1976 1146 81 44 voix»
2089 1146 19 45 et
2136 1146 37 45 qui
2199 1146 15 45 se
2252 1146 104 46 mettent

1291 1183 47 48 tout
1371 1183 72 49 entier
1475 1183 58 49 dans
1569 1183 18 45 ce
1623 1183 65 49 qu’ils
1724 1183 151 51 chantent...
1901 1183 39 45 qui
1965 1183 58 51 sont
2056 1183 0 42 «
2092 1183 57 51 Soul
2178 1183 29 51 ful
2239 1183 15 44 ».
2283 1183 72 48 C’est

1292 1224 44 42 cela
1372 1224 38 42 qui
1434 1224 112 42 compte.

1287 1280 14 44 Je
1335 1280 58 45 crois
1423 1280 38 45 que
1495 1280 14 45 tu
1543 1280 102 46 aimeras
1679 1280 129 47 beaucoup
1846 1280 75 48 Miller
1951 1280 116 48 Briskner
2098 1280 88 49 comme
2220 1280 133 50 saxopho¬

1292 1321 153 44 niste-ténor
1478 1322 18 40 et
1529 1322 136 39 arrangeur
1698 1322 18 37 et
1749 1322 69 37 aussi
1848 1323 12 37 le
1896 1323 120 39 baryton.
2049 1323 12 40 Tu
2104 1323 36 41 vas
2176 1323 42 42 être
2257 1324 33 42 fou
2329 1324 18 43 du

1290 1358 144 42 guitariste,
1462 1358 18 42 un
1516 1358 69 43 jeune
1621 1358 114 43 Anglais,
1765 1358 18 43 du
1820 1358 126 43 guitariste
1982 1358 72 43 basse
2093 1358 27 44 et,
2147 1358 49 44 bien
2235 1358 122 44 entendu,

1292 1390 38 39 des
1370 1390 52 39 trois
1465 1390 63 39 jolies
1571 1391 124 39 choristes
1735 1391 37 39 qui
1807 1391 146 39 swinguent
1988 1391 89 39 ferme,
2108 1392 112 39 dansent
2258 1392 89 39 comme

1294 1423 38 39 des
1370 1424 69 39 folles
1477 1424 19 39 et
1532 1425 36 39 ont
1603 1425 110 40 chacune
1757 1427 0 38 «
1798 1427 35 39 une
1877 1427 47 39 voix
1965 1428 16 39 ».
2014 1428 58 39 Elles
2110 1429 58 39 sont
2200 1430 80 39 toutes
2321 1431 30 38 les

1291 1462 53 38 trois
1390 1462 18 38 de
1454 1462 107 38 Detroit.
1598 1462 131 38 D’ailleurs
1775 1462 53 39 elles
1873 1462 252 39 m’accompagnent
2162 1462 110 39 toujours
2317 1462 38 39 sur

1293 1500 72 42 scène
1399 1499 19 43 et
1446 1499 57 43 dans
1537 1499 107 43 certains
1678 1498 19 44 de
1732 1498 47 44 mes
1813 1498 135 44 disques...
1976 1497 35 45 ces
2048 1497 0 45 «
2083 1497 85 45 Sweet
2196 1496 103 46 Hearths
2334 1496 19 46 of

1294 1533 62 42 Soul
1387 1535 1 41 »

1292 1584 77 46 J’aime
1416 1584 131 57 beaucoup
1597 1584 8 46 le
1652 1584 77 57 public
1776 1584 123 54 français.
1938 1584 12 46 Il
1985 1584 38 55 est
2062 1584 178 55 enthousiaste
2290 1584 16 51 et
2349 1584 7 50 il

1295 1630 56 39 vibre
1394 1630 9 40 à
1431 1630 9 40 la
1480 1630 129 41 musique,
1640 1630 9 41 il
1680 1630 92 42 semble
1812 1630 145 43 l’absorber
1991 1630 147 44 avidement
2172 1630 50 44 tout
2252 1630 107 45 entière.

1882 1721 84 40 propos
1999 1721 115 41 receuillis
2147 1721 36 42 par

1882 1757 130 45 MAURICE
2049 1756 102 45 CULLAZ

1301 1829 13 42 Tu
1350 1829 10 47 te
1399 1829 118 47 souviens
1553 1830 19 45 de
1608 1830 128 45 l’Olympia
1772 1830 10 44 à
1811 1830 59 44 Paris
1899 1831 0 42 ?
1932 1831 20 42 Et
1981 1831 46 42 puis
2063 1831 72 41 j’aime
2171 1831 134 41 beaucoup
2341 1832 10 39 la

1297 1866 184 46 consonnance
1525 1866 17 41 de
1586 1866 7 46 la
1634 1866 85 47 langue
1760 1866 143 47 française.
1934 1867 13 46 le
1988 1867 10 46 la
2039 1867 78 45 trouve
2158 1867 45 43 très
2243 1867 55 41 belle
2342 1867 17 44 et

1298 1903 132 42 j’aimerais
1460 1903 133 42 beaucoup
1629 1903 177 42 l’apprendre.

1299 1945 122 46 Peut-être
1456 1947 263 46 commencerai-je...
1748 1950 42 44 lors
1825 1950 64 45 d’une
1927 1951 135 45 prochaine
2097 1953 119 44 tournée.

1621 2104 138 45 FESTIVAL
1797 2104 25 45 DE
1863 2104 163 46 CARTHAGE

1300 2186 17 42 Le
1356 2186 108 42 Festival
1494 2186 17 41 de
1550 2186 41 41 jazz
1626 2186 21 41 de
1685 2186 123 41 Carthage
1841 2186 0 40 —
1900 2186 8 40 il
1938 2186 135 40 s’agissait
2100 2186 20 40 du
2155 2186 18 40 8e
2202 2186 112 39 Festival
2338 2186 0 39 —

1298 2223 0 39 a
1336 2223 68 39 attiré
1437 2224 47 38 plus
1522 2224 19 38 de
1582 2224 17 39 15
1624 2224 35 39 000
1697 2225 146 38 personnes
1878 2225 36 38 sur
1947 2225 27 38 les
2012 2226 99 38 gradins
2146 2226 20 38 de
2204 2226 151 38 l’admirable

1299 2255 182 42 amphithéâtre
1513 2256 114 42 antique.
1651 2257 200 42 L’organisation
1883 2258 103 41 assurée
2018 2258 38 42 par
2085 2259 27 41 les
2141 2259 115 41 services
2288 2260 76 41 cultu¬

1298 2299 39 35 rels
1377 2299 19 36 du
1438 2299 205 38 gouvernement
1677 2299 101 39 tunisien
1820 2299 56 39 était
1910 2299 207 41 irréprochable.

1297 2342 44 38 Une
1383 2342 133 38 déception
1560 2342 0 38 :
1597 2342 26 38 les
1665 2342 156 38 prestations
1863 2342 135 38 écourtées
2040 2342 21 38 de
2103 2342 81 38 Shepp
2228 2342 36 38 qui
2301 2342 63 38 avait

1299 2378 149 38 cependant
1476 2377 92 39 amené
1599 2376 146 39 l’orchestre
1785 2376 36 39 qui
1852 2376 28 39 fut
1911 2375 11 40 le
1961 2375 45 40 sien
2043 2375 8 40 à
2082 2374 118 41 Antibes,
2228 2374 20 40 Le
2287 2373 70 41 grand

1299 2412 202 39 saxophoniste,
1531 2411 39 39 qui
1600 2411 118 39 semblait
1748 2411 19 39 se
1805 2411 123 39 ressentir
1961 2411 39 38 des
2038 2410 96 39 conflits
2169 2410 110 39 internes
2314 2410 50 38 sur¬

1298 2449 73 38 venus
1413 2449 7 38 à
1454 2449 117 38 Antibes,
1605 2450 47 37 joua
1694 2450 20 37 du
1756 2450 57 37 bout
1847 2450 39 37 des
1928 2450 94 37 lèvres,
2055 2450 55 37 sans
2152 2451 159 36 conviction,
2344 2451 16 36 et

1297 2485 90 40 sembla
1429 2485 100 41 refuser
1565 2485 9 41 le
1616 2485 102 42 contact
1751 2485 39 42 non
1833 2485 147 43 seulement
2013 2485 54 43 avec
2106 2485 9 43 le
2160 2485 109 44 public...
2302 2485 57 44 mais

1297 2517 72 40 même
1410 2516 57 42 avec
1505 2516 38 43 ses
1581 2515 155 46 musiciens.

1302 2563 33 39 Art
1363 2563 93 39 Farmer
1487 2564 16 39 et
1531 2564 40 39 son
1604 2564 110 39 groupe,
1739 2564 47 39 Phil
1814 2564 90 40 Woods
1938 2565 19 39 et
1983 2565 36 39 son
2056 2565 103 39 combo,
2184 2565 62 40 Marc
2283 2566 81 39 Lafer¬

1298 2598 54 40 rière
1390 2598 17 40 et
1437 2598 38 41 son
1512 2598 147 43 orchestre,
1683 2598 10 43 le
1730 2598 34 44 trio
1802 2598 20 44 de
1860 2598 116 46 Georges
2010 2598 146 48 Arvanitas,
2184 2598 184 50 comprenant,

1300 2640 58 39 pour
1388 2640 11 39 la
1434 2640 195 39 circonstance,
1659 2640 93 39 Michel
1782 2640 96 39 Gaudry
1916 2640 8 39 à
1952 2640 8 39 la
1998 2640 170 39 contrebasse
2203 2640 17 39 et
2253 2640 104 39 Philippe

1299 2676 129 36 Combelle
1465 2676 8 36 à
1504 2676 9 36 la
1549 2676 118 36 batterie,
1695 2676 28 37 les
1760 2676 126 37 Swingers
1923 2676 19 37 de
1982 2676 115 38 François
2133 2676 0 38 «
2170 2676 59 38 Frick
2268 2676 0 39 »
2307 2676 51 39 Guin

1300 2711 168 37 augmentés,
1495 2710 107 38 parfois,
1629 2710 37 38 des
1703 2710 56 38 Four
1791 2710 78 38 Bones
1906 2710 16 37 »,
1951 2710 115 37 jouèrent
2095 2709 19 38 au
2152 2709 72 38 mieux
2261 2709 19 38 de
2317 2709 48 38 leur

1299 2747 68 40 forme
1406 2747 16 40 et
1452 2747 200 40 remportèrent,
1677 2747 238 40 respectivement,
1943 2747 19 40 de
1998 2747 134 40 véritables
2167 2747 135 40 triomphes
2337 2747 20 40 de

1298 2784 9 37 la
1346 2783 48 38 part
1426 2782 48 40 d’un
1513 2781 77 41 public
1625 2780 96 43 attentif
1753 2779 19 44 et
1804 2777 209 47 compréhensif.

1299 2821 27 46 Ce
1360 2821 31 47 fut
1421 2821 19 47 du
1478 2822 69 47 délire
1585 2822 34 47 sur
1653 2822 27 48 les
1718 2822 95 48 gradins
1851 2823 19 48 de
1908 2823 198 49 l’amphithéâtre
2148 2823 95 50 antique
2281 2824 76 50 quand

1297 2860 86 40 Lionel
1408 2860 138 41 Hampton,
1574 2860 37 41 qui
1639 2860 61 42 avait
1728 2860 86 42 donné
1842 2860 37 42 son
1913 2860 113 43 habituel
2054 2860 148 43 spectacle,
2226 2860 139 44 descendit

1300 2902 53 36 dans
1388 2902 9 37 la
1429 2902 62 37 foule
1523 2902 106 38 (comme
1661 2902 9 38 il
1697 2902 79 39 l’avait
1802 2902 39 40 fait
1870 2902 9 40 à
1905 2902 118 41 Antibes)
2052 2902 56 41 avec
2144 2902 35 42 ses
2214 2902 152 43 musiciens.

1301 2938 23 37 Si
1363 2938 26 37 les
1433 2938 106 38 puristes
1586 2937 91 39 étaient
1715 2937 103 39 (comme
1862 2937 9 40 à
1909 2937 118 40 Antibes)
2065 2936 41 41 très
2153 2936 74 42 déçus
2274 2936 35 42 par
2350 2936 9 42 le

1304 2966 0 42 «
1345 2966 55 42 show
1451 2966 154 43 »Hampton,
1640 2967 26 42 les
1708 2967 86 43 gentils
1836 2967 19 43 et
1890 2967 58 43 polis
1990 2967 163 44 spectateurs
2198 2968 19 43 du
2259 2968 109 44 Festival

1299 3005 19 54 de
1356 3005 122 56 Carthage
1512 3006 31 55 lui
1566 3006 72 47 firent
1665 3007 217 54 d’interminables
1920 3008 129 53 ovations.

2340 3053 17 73 11

421 1701 324 105 ARETHA
863 1702 411 105 FRANKLIN
1407 1703 309 108 parle...

109 1811 71 49 C’est
212 1816 7 44 à
251 1811 56 50 l’âge
343 1812 21 49 de
399 1814 0 47 8
438 1815 21 46 ou
498 1818 0 43 9
537 1817 35 45 ans
611 1811 39 51 que
689 1813 7 49 je
735 1817 25 45 me
802 1813 46 50 suis
884 1823 53 40 mise
979 1823 7 40 à
1018 1823 103 41 chanter
1153 1823 17 41 et

108 1860 70 41 aussi
209 1861 9 40 à
248 1861 65 40 jouer
344 1861 19 40 du
403 1862 84 39 piano.
515 1862 59 39 Mais
610 1863 84 38 depuis
734 1864 45 37 mon
818 1864 45 37 plus
902 1864 64 37 jeune
1006 1865 36 36 âge
1081 1865 9 36 je
1129 1866 42 35 fre¬

111 1896 101 40 donnais
250 1897 20 39 et
302 1897 124 39 j’essayai
456 1898 16 38 de
513 1898 162 38 reproduire,
702 1899 19 37 au
760 1899 84 37 piano,
875 1900 16 36 ce
929 1900 39 36 que
1009 1900 167 36 j’entendais.

110 1926 20 48 En
160 1927 41 47 fait
224 1927 10 47 je
264 1928 60 46 crois
354 1929 37 45 que
424 1930 10 44 la
464 1930 111 44 musique
608 1932 37 43 m’a
675 1932 193 43 passionnée...
892 1935 40 40 dès
962 1936 27 39 ma
1022 1936 154 39 naissance.

110 1970 39 42 J’ai
176 1971 39 42 été
244 1971 154 44 environnée
434 1973 20 42 de
493 1974 112 42 musique
641 1976 114 42 pendant
781 1977 63 41 toute
880 1978 49 41 mon
965 1979 124 41 enfance.
1119 1980 49 41 Mon

111 2014 50 43 père
199 2014 112 43 chantait
337 2015 18 42 et
387 2015 83 42 chante
508 2016 147 41 toujours...
682 2016 47 41 bien
767 2016 68 41 sûr...
867 2017 15 40 Tu
917 2017 44 40 sais
1000 2017 55 40 qu’il
1085 2018 35 39 est
1150 2018 17 39 un

112 2044 115 46 pasteur,
260 2045 19 46 un
321 2046 134 45 preacher.
487 2047 33 45 Ma
558 2048 61 44 mère
661 2049 71 43 aussi
764 2050 83 43 chante
889 2051 19 42 et
943 2051 45 42 joue
1030 2052 19 42 du
1094 2052 84 42 piano.

110 2080 67 41 Quoi
196 2081 0 40 ?
228 2081 132 42 Qu’est-ce
395 2082 38 41 que
465 2082 13 42 tu
513 2083 29 42 dis
571 2083 0 42 ?
603 2083 45 43 Que
683 2084 35 42 j’ai
744 2084 83 43 gagné
853 2085 10 43 le
901 2085 42 44 Prix
978 2086 45 43 Otis
1058 2086 106 45 Redding

111 2120 17 36 de
167 2120 152 38 l’Académie
356 2121 19 37 du
409 2121 64 38 Jazz,
502 2121 8 38 le
546 2122 43 38 prix
622 2122 59 39 pour
709 2122 12 39 le
757 2122 140 41 meilleur...
925 2123 20 40 ou
982 2123 28 41 les
1046 2124 124 41 meilleurs

112 2152 100 40 disques
256 2153 21 39 de
321 2153 79 40 rhythm
453 2154 38 40 and
536 2155 91 39 blues!
665 2156 50 39 Moi
739 2156 0 39 ?
777 2156 73 40 Après
895 2157 38 39 des
977 2158 56 39 gens
1077 2158 91 40 comme

110 2184 41 50 Ray
195 2185 120 50 Charles,
352 2187 48 48 Otis
441 2187 130 48 Redding,
601 2189 79 47 James
724 2190 119 46 Brown...
877 2192 62 44 c’est
976 2193 144 44 fabuleux!
1154 2195 13 42 Je

109 2225 45 37 suis
199 2225 69 38 aussi
304 2225 48 39 folle
397 2225 18 39 de
460 2225 39 40 joie
541 2225 84 40 qu’une
671 2225 66 41 petite
782 2225 39 42 fille
866 2225 9 42 à
911 2225 36 43 qui
983 2225 18 43 on
1046 2225 63 44 vient
1148 2225 18 44 de

112 2257 93 44 donner
244 2258 9 43 la
301 2259 45 42 plus
391 2260 177 42 merveilleuse
613 2262 40 40 des
698 2263 141 39 poupées!
875 2264 21 38 La
941 2265 96 38 poupée
1082 2266 84 37 qu’elle

111 2297 140 37 convoitait
289 2298 121 38 depuis..,
443 2299 11 37 le
497 2300 146 38 précédent
681 2301 82 38 Noël!
802 2302 46 37 Que
892 2302 8 38 je
947 2303 44 37 suis
1035 2303 143 39 heureuse.

110 2327 60 46 Mais
210 2328 77 46 est-ce
327 2328 40 46 que
408 2329 10 46 je
458 2329 80 47 mérite
581 2330 121 48 vraiment
735 2331 37 47 cet
805 2331 137 49 honneur!
979 2332 30 48 (En
1053 2332 123 50 français)

112 2361 133 49 MERCIII

107 2410 13 50 Je
158 2410 102 50 connais
298 2412 47 47 bien
383 2412 41 47 Ray
461 2413 17 45 et
509 2413 75 45 James
622 2414 17 44 et
669 2415 38 42 j’ai
734 2415 48 42 bien
819 2416 75 41 connu
932 2417 71 39 aussi
1034 2418 65 38 Otis.
1129 2419 41 36 Ray

112 2449 17 38 et
159 2449 76 39 James
270 2449 56 39 sont
356 2449 20 40 de
411 2450 159 40 merveilleux
605 2450 97 41 artistes
737 2450 21 41 et
787 2450 18 42 de
843 2450 65 42 chics
943 2451 82 42 types,
1055 2451 20 42 de
1110 2451 59 43 bons

110 2485 121 40 copains.
261 2485 49 41 Otis
346 2485 59 42 était
434 2485 20 42 un
493 2485 121 43 chanteur
647 2485 174 45 fantastique.
850 2485 36 46 Lui
916 2485 72 46 aussi
1017 2485 56 47 était
1106 2485 72 48 aussi

113 2524 75 46 gentil
216 2524 54 45 qu’il
298 2524 56 45 était
383 2524 91 45 grand.

113 2561 56 46 Mais
210 2562 9 45 je
260 2562 25 45 me
326 2562 54 45 sens
417 2563 60 43 toute
518 2564 122 42 intimidée
681 2565 72 41 d’être
791 2565 19 41 en
851 2566 47 40 leur
933 2566 188 39 compagnie...
1152 2568 16 37 au

113 2600 122 44 palmarès
276 2601 19 43 de
336 2601 150 44 l’Académie
527 2602 19 43 du
587 2602 60 43 jazz.
675 2603 75 42 J’aime
791 2603 104 42 chanter
929 2604 51 42 tout
1011 2604 19 42 ce
1071 2604 38 42 qui
1140 2605 35 41 est

114 2635 57 38 vrai,
195 2635 48 38 tout
270 2635 18 39 ce
321 2635 39 39 qui
385 2636 36 39 est
445 2636 54 39 fort,
526 2636 48 40 tout
598 2636 21 40 ce
652 2636 36 41 qui
715 2636 0 41 a
748 2636 36 42 une
817 2636 169 43 signification
1022 2637 156 44 profonde...

114 2672 37 41 que
191 2672 49 42 tout
272 2673 8 41 le
320 2673 84 41 monde
444 2673 57 41 peut
533 2674 17 41 ou
590 2674 95 41 devrait
720 2674 163 42 comprendre
924 2675 0 41 :
958 2675 9 41 le
1004 2675 81 42 rhythm
1133 2676 38 41 and

110 2709 69 40 blues
215 2709 0 40 «
251 2710 62 40 notre
349 2710 112 41 musique
500 2710 16 41 »,
543 2711 9 41 le
589 2711 62 42 jazz,
677 2711 10 42 la
726 2711 36 43 pop
802 2712 91 43 music,
920 2712 29 43 les
985 2712 131 44 ballades,
1143 2713 26 44 les

115 2745 56 48 vrais
207 2745 65 48 blues
305 2746 29 47 low
377 2746 82 47 down,
485 2746 29 47 les
547 2746 66 47 blues
652 2747 0 46 «
685 2747 62 46 sales
783 2747 16 46 »,
829 2747 0 46 «
861 2747 154 46 dégoutants
1051 2748 0 45 »
1084 2748 95 45 (rires),

114 2780 93 38 comme
240 2780 9 38 le
282 2780 30 38 dit
336 2780 18 39 si
379 2780 48 39 bien
460 2780 30 40 ton
526 2780 84 40 copain
643 2780 42 41 Ray
718 2780 120 42 Charles,
862 2780 51 42 tout
938 2780 18 43 ce
989 2780 39 43 qui
1052 2780 126 44 swingue.

110 2816 115 40 J’essaye
263 2816 18 41 de
319 2816 49 42 tout
399 2816 115 44 chanter,
541 2816 21 45 de
601 2816 24 45 me
667 2817 80 46 mettre
785 2817 48 47 tout
865 2817 87 49 entière
990 2817 55 50 dans
1084 2817 10 46 la
1132 2817 47 44 mu¬

113 2853 64 41 sique
213 2853 38 41 que
286 2853 74 42 j’aime
393 2853 19 42 et
438 2853 38 43 que
511 2853 10 43 je
553 2853 55 44 sens

113 2886 42 55 J’ai
188 2888 154 52 commencé
383 2891 8 47 à
428 2892 101 45 chanter
571 2895 30 40 les
646 2896 82 47 chants
773 2894 135 47 profanes,
945 2893 12 45 le
1002 2891 78 46 rhythm
1136 2890 38 45 and

115 2925 67 46 blues
221 2926 73 46 avant
323 2926 74 46 même
438 2927 183 46 d’enregistrer
656 2929 58 44 pour
749 2929 144 45 Columbia.
925 2930 84 44 Quand
1050 2931 7 44 je
1098 2931 84 44 signai

116 2966 52 46 avec
213 2966 128 46 Columbia
383 2966 80 46 j’avais
508 2966 55 46 déjà
595 2966 17 46 un
657 2966 63 46 vaste
765 2966 132 46 répertoire
942 2966 17 46 de
1004 2966 76 46 rhythm
1132 2966 39 46 and

116 3000 83 60 blues,
227 3000 19 59 de
283 3000 64 65 blues
384 3000 19 65 et
431 3000 18 51 de
486 3000 127 67 ballades.
