2480 3184
134 104 89 67 proche
265 103 38 68 des
350 102 145 69 Allemands
537 113 66 58 (mais
645 110 103 61 ceux-ci
785 109 38 62 ont

133 164 37 46 été
214 165 189 44 disqualifiés),
440 166 123 41 peut-être
613 167 47 38 plus
707 167 110 37 distordu

134 199 107 40 encore.
271 200 58 39 Leur
364 201 127 39 musique,
524 202 134 39 agréable,
691 204 94 38 certes,
818 205 0 37 a

133 237 38 40 peu
212 238 170 39 d’originalité
415 239 0 37 :
448 239 172 37 démarquage
659 241 19 34 de
719 241 16 34 ce
776 242 39 33 que

133 274 36 40 fait
199 274 186 40 actuellement
415 274 85 40 Miles,
530 275 17 39 un
588 275 82 39 niveau
709 275 19 39 en
766 275 55 39 des¬

135 311 72 35 sous.
244 311 47 34 lann
338 310 57 35 Carr
435 310 37 35 est
511 310 117 34 pourtant
667 309 18 35 un
732 309 91 34 remar¬

134 346 81 37 quable
270 346 186 40 trompettiste.
499 346 114 42 Pendant
658 346 57 43 qu’il
758 346 66 44 joue,

135 378 56 48 Frick
237 379 16 45 se
295 379 72 47 ronge
410 380 26 44 les
479 381 75 45 sangs
596 381 0 39 :
632 382 102 43 Ricardo
776 383 46 42 Ga¬

132 415 79 36 leazzi
236 416 64 36 n’est
325 416 38 36 pas
393 417 28 35 là.
444 417 76 36 Jimmy
553 417 109 36 Woode,
687 418 18 35 en
741 419 83 35 catas¬

134 454 99 38 trophe,
266 453 60 39 vient
362 453 15 39 se
419 453 151 41 proposer;
603 452 54 42 sans
696 452 66 43 avoir
798 452 18 43 eu

137 488 9 37 le
193 488 76 38 temps
319 488 18 38 de
387 488 100 39 prendre
537 488 192 40 connaissance
782 488 35 40 des

137 526 211 38 arrangements,
393 526 9 38 il
447 526 82 39 jouera
583 525 244 42 magnifiquement.

133 562 56 39 Mais
226 562 16 38 ce
280 562 64 38 n’est
374 562 37 38 pas
446 562 59 37 tout,
534 562 83 37 Xavier
649 562 131 36 Chambon
818 562 0 35 a

134 596 36 39 une
209 595 102 40 angine,
335 595 18 40 40
389 594 21 41 de
446 594 88 42 fièvre,
561 593 165 43 qu’importe,
753 592 9 44 il
789 592 36 44 est

134 633 16 37 là
178 632 0 38 :
205 632 63 38 c’est
293 631 11 38 le
340 630 96 39 métier.
463 629 41 39 Sur
532 628 93 40 scène,
655 627 72 40 Teddy
762 626 63 40 Mar¬

134 670 21 35 tin
194 669 103 37 cassera
336 669 18 37 sa
393 668 87 39 pédale
519 668 18 39 de
579 667 85 41 grosse
703 666 81 43 caisse

135 705 63 37 c’est
226 705 11 36 la
271 704 57 37 série
367 704 78 36 noire,
471 703 29 37 les
537 703 125 36 Swingers
698 702 19 36 ne
756 702 70 36 pour¬

135 741 50 35 ront
222 741 50 35 faire
315 741 89 35 montre
447 741 20 35 de
510 741 58 35 leurs
611 741 103 35 qualités
757 741 65 35 habi¬

135 773 102 44 tuelles.
273 774 36 42 Les
354 774 120 41 Suisses,
508 775 78 39 enfin,
622 775 54 38 avec
721 776 96 36 George

135 822 87 25 Gruntz
260 822 19 25 et
314 822 71 25 Pierre
427 822 87 25 Favre,
545 822 38 25 ont
614 822 122 25 compose
779 822 37 25 une

134 847 74 40 suite,
241 847 49 40 From
342 847 142 40 Sticksland
526 847 43 39 with
610 847 66 39 love,
706 847 39 39 qui
777 847 44 39 met

133 884 21 37 en
189 884 81 37 valeur
301 884 28 37 les
365 884 56 37 deux
456 884 109 37 batteurs
601 884 79 37 (Favre
715 884 21 37 et
761 884 59 37 Jerry

134 918 220 40 Chardonnens).
384 918 57 40 Sans
477 918 74 40 aucun
590 918 88 40 doute,
705 918 63 40 c’est
798 918 20 40 de

138 953 9 42 la
188 953 41 42 très
273 953 75 42 bonne
392 953 129 42 musique,
553 953 56 42 forte
654 953 18 42 en
716 953 57 42 goût
808 953 19 42 et

137 988 175 41 swinguante,
348 988 120 41 pimentée
514 988 18 41 au
577 988 93 41 surplus
715 988 19 41 de
779 988 48 41 tout

138 1024 48 40 l’art
222 1024 20 40 de
287 1024 84 39 Favre,
408 1024 95 39 énergie
548 1024 19 38 et
604 1024 98 38 science
747 1024 79 37 (tech¬

134 1056 66 39 nique
236 1057 93 39 semble
362 1058 27 38 ici
414 1058 49 39 bien
496 1059 88 39 faible)
611 1059 20 39 de
664 1060 11 39 la
710 1060 118 40 batterie.

135 1093 96 44 Devant
259 1094 114 42 l’ovation
406 1094 21 41 de
457 1094 49 41 leur
533 1095 93 40 public,
650 1095 18 39 ils
701 1095 18 39 ne
753 1096 75 37 pour¬

136 1130 49 44 ront
212 1130 118 44 résister,
353 1130 19 44 ils
405 1130 131 44 bisseront
566 1130 0 44 :
592 1130 158 44 disqualifiés
782 1130 40 44 eux

136 1169 81 40 aussi.

136 1234 141 53 Vendredi,
306 1234 18 53 21
360 1243 18 44 h.
407 1234 137 53 Deuxième
584 1248 69 39 grand
692 1238 127 49 orchestre

136 1285 171 39 universitaire
344 1285 0 39 :
371 1285 10 39 le
416 1285 61 39 Kent
507 1285 61 39 State
605 1285 139 39 University
779 1285 37 39 Lab

139 1317 79 41 Band,
260 1318 126 40 composé
431 1319 152 39 d’étudiants
631 1320 20 38 en
701 1320 129 38 musique,

137 1354 77 45 dirigé
248 1355 52 41 avec
340 1355 102 40 chaleur
476 1356 37 44 par
550 1356 34 42 l’un
627 1357 37 40 des
704 1357 74 38 leurs,
811 1358 10 34 le

138 1393 99 38 pianiste
287 1393 42 37 Bill
368 1393 128 37 Dobbins.
535 1393 44 36 Ses
626 1393 193 35 arrangements

137 1429 55 35 sont
226 1429 84 35 bons;
343 1429 10 35 il
384 1429 0 35 a
425 1429 80 35 utilisé
541 1429 36 35 une
618 1429 101 35 écriture
762 1429 62 35 clas¬

135 1461 85 40 sique,
256 1462 143 39 procédant
440 1462 36 39 par
517 1463 112 38 sections
673 1463 154 38 principale¬

139 1500 84 36 ment;
259 1500 9 36 il
301 1499 18 37 ne
361 1499 139 39 recherche
542 1499 39 39 pas
623 1498 162 42 l’originalité
818 1498 9 42 à

134 1533 50 41 tous
216 1533 74 41 crins,
317 1534 53 41 mais
402 1534 147 41 l’orchestre
585 1534 109 42 swingue
726 1535 91 41 comme

138 1563 18 41 un
193 1564 57 41 seul
276 1565 112 40 homme.
420 1567 34 38 Art
486 1568 109 38 Farmer,
621 1569 83 37 soliste
744 1571 83 36 invité,

140 1606 54 38 nous
252 1606 84 44 vaudra
390 1606 39 43 des
483 1606 122 42 moments
660 1606 170 44 enthousias¬

137 1643 91 35 mants.
264 1643 17 35 La
325 1644 78 35 soirée
446 1644 0 35 a
490 1644 48 35 bien
581 1644 165 36 commencé.
782 1645 38 35 Les

140 1678 78 34 Fourth
272 1678 66 35 Way,
378 1678 38 35 loin
467 1678 20 36 du
536 1678 124 36 troisième
711 1678 116 37 courant,

137 1714 46 37 dieu
226 1714 84 37 merci,
343 1714 182 36 représentent
561 1714 35 36 l’un
640 1714 35 36 des
716 1714 104 35 aspects

135 1744 27 44 les
195 1744 49 44 plus
277 1745 171 43 intéressants
481 1746 19 42 du
536 1747 42 41 jazz
611 1747 217 41 d’aujourd’hui:

135 1783 11 40 la
179 1783 39 40 new
259 1783 57 40 thing
352 1783 137 40 assumée.
517 1784 44 39 Ces
594 1784 79 39 quatre
709 1784 112 39 hommes

138 1818 70 37 (Mike
251 1818 81 38 Nock,
369 1819 19 37 p,
422 1819 112 38 Michael
571 1819 90 39 White,
697 1820 45 38 vin,
779 1820 39 39 Ron

138 1855 30 39 Mc
204 1855 85 39 Clure,
316 1854 19 39 b,
362 1854 69 39 Eddie
466 1854 135 38 Marshall,
628 1853 46 38 dm)
705 1853 123 38 dévelop¬

140 1890 56 43 pent
231 1890 37 43 eux
306 1890 72 43 aussi
409 1890 126 43 certaines
576 1890 34 43 des
651 1890 169 43 conceptions

139 1928 19 37 de
198 1927 68 38 Miles
303 1926 89 40 Davis,
423 1925 55 41 mais
515 1925 19 41 en
574 1923 108 44 laissant
716 1923 18 44 de
774 1922 56 45 côté

138 1959 9 41 le
185 1959 94 41 lyrisme
318 1960 58 39 pour
409 1961 79 38 mettre
527 1961 109 38 l’accent
665 1962 38 36 sur
736 1962 9 36 la
783 1963 47 35 vio¬

140 1998 64 37 lence
247 1998 29 37 et,
311 1998 180 37 quelquefois,
523 1998 134 36 l’humour.
691 1998 57 36 Leur
785 1998 46 36 mu¬

140 2035 64 34 sique
247 2035 85 35 évolue
372 2035 38 35 par
447 2034 91 36 vagues
581 2034 8 36 à
621 2034 10 36 la
671 2034 62 37 crête
773 2034 56 37 des¬

138 2069 93 38 quelles
264 2069 180 39 s’effilochent
475 2069 36 39 des
547 2069 127 40 sonorités
710 2069 62 41 sales
808 2069 20 41 et

139 2101 134 44 impures;
307 2102 10 43 le
360 2102 171 43 déferlement
564 2102 37 43 que
645 2102 70 43 dirige
755 2103 71 42 Eddie

137 2138 127 41 Marshall
298 2139 123 40 emprunte
463 2140 132 39 beaucoup
638 2141 39 38 aux
716 2141 107 38 rythmes

141 2173 37 45 dits
224 2173 0 45 «
267 2173 37 45 pop
353 2173 16 45 ».
406 2173 43 45 Cet
486 2173 30 45 art
553 2173 37 45 est
627 2173 200 45 probablement

143 2212 62 38 celui
246 2212 38 41 des
331 2212 79 45 portes
460 2211 132 46 ouvertes,
630 2211 122 44 tributaire
802 2211 19 41 du

142 2247 106 47 présent
277 2247 58 46 dans
370 2247 19 45 sa
428 2246 106 45 totalité,
563 2245 154 45 s’avançant
749 2244 10 45 à
788 2244 38 44 pas

141 2281 47 41 sûrs
223 2281 50 41 vers
308 2282 38 39 des
379 2282 158 39 lendemains
573 2282 52 39 qu’il
652 2282 35 39 est
717 2283 17 37 en
772 2283 50 37 train

141 2317 18 39 de
197 2317 80 39 créer.
304 2318 21 38 Se
363 2318 91 38 situant
483 2319 19 37 un
539 2319 38 37 peu
611 2319 57 37 dans
705 2319 8 37 la
750 2320 73 36 même

141 2357 179 43 perspective,
352 2357 56 40 mais
446 2357 21 39 ne
505 2356 144 39 l’affirmant
684 2356 38 37 pas
761 2356 70 36 suffi¬

141 2389 126 41 samment
297 2389 17 41 au
350 2389 82 40 niveau
467 2389 21 40 du
520 2389 30 40 jeu
585 2389 21 40 de
641 2389 109 40 groupe,
776 2389 56 39 Her¬

142 2425 28 40 bie
208 2425 69 40 Mann
314 2425 40 40 and
389 2425 31 40 the
461 2425 83 40 Family
581 2425 20 39 of
633 2425 66 39 Mann
739 2425 84 39 (Steve

143 2460 115 41 Marcus,
289 2460 32 40 ts,
355 2460 81 39 Sonny
479 2460 141 38 Sharrock,
654 2460 20 37 g.
709 2460 115 36 Miroslav

143 2487 99 44 Vitous,
275 2489 19 43 b,
328 2490 89 42 Daniel
451 2492 110 41 Humair,
595 2494 46 39 dm)
678 2495 154 39 débutèrent

143 2534 34 34 sur
215 2534 37 35 une
298 2534 160 36 équivoque.
493 2534 59 37 Leur
590 2534 120 38 publicité
747 2534 83 39 s’était

143 2570 48 39 faite
228 2569 8 39 à
263 2569 88 39 grands
386 2568 102 38 renforts
525 2568 19 37 de
578 2567 123 38 Memphis
736 2566 96 37 Under¬

143 2605 90 43 ground
275 2605 16 43 et
326 2604 61 44 c’est
422 2604 81 44 Sonny
544 2603 123 45 Sharrock
708 2603 39 45 que
789 2603 35 45 l’on

142 2640 63 41 offrit
231 2640 20 40 au
283 2640 95 40 public.
401 2640 43 39 Dès
475 2639 12 40 le
521 2639 127 39 deuxième
683 2639 20 38 ou
734 2639 12 38 le
778 2639 54 37 troi¬

145 2678 70 44 sième
260 2676 135 42 morceau,
430 2676 39 45 par
507 2675 29 37 lui
575 2672 256 46 remarquablement

143 2712 129 40 composé
303 2712 20 39 et
354 2711 95 40 intitulé
480 2711 3 39 «
522 2710 64 40 Black
629 2710 98 39 Woman
766 2709 17 39 »,
817 2709 8 39 le

144 2747 126 42 guitariste
308 2746 17 41 se
362 2746 66 41 lança
466 2746 57 40 dans
561 2746 37 39 une
636 2745 190 39 improvisation

145 2782 151 44 poignante,
331 2781 107 44 criante,
470 2780 219 45 bouleversante,
724 2780 109 44 utilisant

144 2821 20 42 de
198 2820 35 42 ces
267 2820 104 41 phrases
405 2819 38 40 qui
469 2819 54 39 vous
558 2818 124 39 prennent
711 2818 17 37 au
765 2817 66 37 cœur

145 2853 16 42 et
193 2853 55 42 vous
286 2853 183 42 anéantissent
501 2853 96 42 lorsque
636 2853 38 42 l’on
713 2853 73 42 songe
825 2853 10 42 à

143 2892 12 40 la
196 2892 91 40 somme
331 2891 18 41 de
390 2891 106 41 misère,
528 2890 180 41 d’oppression
752 2890 17 41 et
808 2890 17 41 de

142 2923 110 46 révoltes
286 2923 140 46 contenues
460 2923 103 46 qu’elles
597 2923 154 45 traduisent.
778 2923 48 45 Rien

141 2962 19 45 ne
200 2962 55 44 peut
289 2962 83 43 rendre
409 2962 37 41 ces
482 2962 182 41 moments-là.
691 2962 19 38 Le
750 2962 74 37 public

144 2998 19 52 ne
197 2997 27 46 les
254 2997 123 54 supporta
407 2996 69 48 point
499 2996 31 50 et,
556 2995 146 54 délaissant
728 2995 16 49 sa
778 2994 57 53 poli¬

153 3056 17 59 16

916 115 65 55 tesse
1032 109 153 67 coutumière
1236 127 42 48 hua
1329 113 120 63 Sharrock
1505 127 37 44 qui
1583 116 19 59 ne

916 166 160 42 comprenait
1103 165 55 43 pas.
1184 164 66 44 Mann
1286 163 85 45 décida
1407 162 59 46 alors
1498 161 20 47 de
1551 160 46 48 s’en

917 205 68 37 aller.
1014 205 24 37 Ce
1076 204 29 39 fut
1135 204 17 39 au
1191 204 47 39 tour
1270 204 21 39 du
1329 204 74 39 public
1441 203 21 41 de
1497 203 18 41 ne
1556 203 44 41 plus

914 238 167 45 comprendre
1135 238 19 37 et
1201 238 19 46 de
1273 238 117 46 rappeler
1440 238 9 44 le
1503 238 106 43 flûtiste.

920 275 119 46 Celui-ci,
1080 275 110 46 hautain,
1234 275 85 45 revint,
1363 275 117 42 remercia
1530 275 10 37 à
1581 275 18 43 sa

917 309 103 43 manière
1055 309 18 43 et
1099 309 38 42 jeta
1173 309 17 42 en
1226 309 79 42 pâture
1340 309 142 42 quelqu’air
1508 309 41 41 tiré
1579 309 17 41 du

916 344 84 41 disque
1042 344 113 41 fameux.
1188 344 124 41 Sharrock
1354 344 59 41 resta
1458 344 140 41 désormais

918 382 34 37 sur
995 381 10 41 la
1056 379 130 47 défensive
1236 378 77 48 tandis
1363 377 57 44 que,
1457 376 10 41 le
1517 375 84 49 regard

918 418 88 40 rageur
1040 418 19 40 et
1097 416 151 42 méprisant,
1282 415 97 43 Marcus
1420 414 85 44 toisait
1543 413 56 45 cette

917 454 60 37 foule
1016 454 36 38 qui
1083 453 45 39 hier
1164 453 192 41 applaudissait
1389 453 9 41 à
1425 452 52 42 tout
1507 452 93 43 rompre

912 488 13 40 lle
969 488 66 40 bébé
1073 488 74 40 cadum
1199 488 19 40 du
1265 489 134 39 baryton...
1435 489 11 39 Il
1479 489 35 39 est
1552 489 53 39 pro¬

915 523 68 43 bable
1017 522 117 44 pourtant
1158 522 40 43 que
1229 522 18 43 si
1272 522 67 43 Mann
1373 522 56 43 était
1456 521 56 43 venu
1545 521 53 43 avec

921 562 15 37 un
981 561 91 38 groupe
1116 560 57 40 pour
1207 559 69 41 jouer
1314 559 35 41 ses
1393 558 132 43 agréables
1569 557 38 44 flû¬

918 597 69 38 teries
1021 596 31 40 et,
1078 596 18 40 de
1134 596 78 40 l’autre
1247 595 72 42 bord,
1344 595 10 42 la
1391 595 0 42 «
1426 594 84 44 Family
1545 594 0 44 »
1579 594 19 44 en

917 633 50 35 tant
1016 631 176 39 qu’orchestre
1250 630 139 41 constitué,
1441 630 50 41 tous
1546 629 59 43 deux

918 667 108 42 eussent
1062 667 20 42 pu
1124 667 17 42 se
1183 667 53 42 faire
1278 666 147 43 entendre;
1461 665 56 44 mais
1556 665 10 44 il
1602 665 0 44 y

917 700 63 42 avait
1010 700 151 42 maldonne.
1191 700 66 41 Quel
1288 700 129 40 dommage
1456 700 21 40 de
1517 700 90 39 n’avoir

918 741 19 40 pu
982 739 103 42 écouter
1123 737 167 44 longuement
1329 736 116 44 Marcus,
1480 734 122 46 Sharrock

922 776 19 35 et
981 775 99 37 Humair
1123 774 49 39 qui,
1212 774 19 39 ce
1280 773 89 41 soir-là
1409 772 102 42 avaient
1554 771 56 44 joué

916 809 151 43 réellement
1101 809 184 45 l’avant-garde
1329 808 20 47 du
1393 808 67 48 cœur

918 873 105 45 Samedi
1056 873 16 46 20
1112 873 55 48 juin,
1200 873 17 46 15
1259 873 20 45 h.
1309 873 42 44 Cet
1387 873 151 46 après-midi
1574 873 33 39 est

919 912 104 34 réservé
1062 912 9 34 à
1104 912 12 35 la
1161 912 0 35 «
1206 912 39 36 pop
1290 912 73 38 music
1408 912 17 39 ».
1461 912 148 41 D’ailleurs,

919 946 47 37 cela
1006 946 18 37 se
1067 945 47 39 voit
1151 945 0 39 :
1184 945 10 39 la
1237 945 52 39 salle
1335 945 19 39 du
1397 944 90 41 Casino
1530 944 0 41 a
1573 944 37 41 été

916 981 65 43 vidée
1022 981 21 43 de
1081 981 35 43 ses
1154 981 83 43 sièges
1275 981 21 43 et
1325 981 68 43 tous,
1423 981 117 43 chevelus
1582 981 20 43 ou

917 1015 126 39 chauves,
1073 1014 85 41 jeunes
1196 1014 21 41 ou
1258 1014 74 41 moins
1370 1013 103 43 jeunes,
1505 1013 100 43 doivent

918 1054 130 40 s’asseoir
1081 1053 39 41 par
1156 1053 75 41 terre.
1265 1053 99 41 Soyons
1406 1052 142 42 honnêtes,
1581 1052 30 42 di¬

917 1087 54 41 sons
1003 1087 121 41 d’emblée
1158 1087 40 40 que
1230 1086 57 41 nous
1319 1086 181 40 n’apprécions
1532 1086 69 39 guère

919 1125 17 37 ce
975 1124 38 38 que
1051 1124 38 38 l’on
1127 1123 94 39 appelle
1260 1122 146 40 d’ordinaire
1447 1122 0 40 «
1483 1121 38 41 pop
1562 1121 47 41 mu¬

918 1160 27 37 sic
981 1160 0 37 »
1014 1159 18 38 et
1059 1159 37 39 que
1132 1158 39 40 nos
1204 1157 198 41 commentaires
1435 1156 85 43 seront
1547 1156 57 43 sans

921 1195 66 37 doute
1031 1195 166 38 injustement
1232 1194 123 39 acerbes.
1390 1194 75 40 Mais,
1496 1194 49 40 tout
1582 1194 20 40 de

921 1230 90 43 même,
1043 1230 35 43 que
1120 1229 90 44 retenir
1245 1229 19 44 de
1306 1228 106 45 Chicken
1457 1227 96 46 Shack,
1582 1227 19 46 de

977 1795 81 29 Sonny
1099 1795 122 32 Sharrock
1264 1795 18 33 et
1320 1795 72 35 Steve
1432 1795 117 37 Marcus.

924 1883 34 50 ses
1000 1881 180 52 contorsions,
1214 1882 19 51 de
1275 1878 38 55 ses
1355 1884 199 49 vociférations,
1588 1883 19 50 de

923 1922 38 41 son
1005 1922 98 42 batteur
1144 1922 239 44 marteau-piqueur
1424 1922 57 44 pour
1522 1922 37 45 qui
1597 1922 10 45 le

921 1960 73 40 swing
1038 1960 34 40 est
1107 1959 119 42 enseveli
1257 1958 19 43 au
1317 1958 50 43 fond
1411 1957 38 45 des
1486 1956 57 46 eaux
1587 1956 18 46 de

921 1991 10 50 la
965 1991 48 50 Mer
1044 1992 71 49 Morte
1146 1993 0 48 ?
1177 1993 20 48 Ils
1231 1994 38 47 ont
1296 1994 38 47 pris
1371 1995 17 46 un
1422 1995 69 46 objet
1518 1996 58 45 beau
1614 1997 0 44 :

923 2028 10 41 le
977 2028 66 42 blues
1087 2028 232 44 négro-américain
1366 2028 132 45 (puisqu’il
1536 2028 79 46 paraît

922 2067 57 37 qu’il
1012 2067 19 38 en
1073 2067 72 38 existe
1190 2066 106 40 d’autres
1338 2066 162 41 aujourd’hui
1522 2066 33 42 !);
1588 2066 18 42 ils

921 2101 54 44 l’ont
1008 2101 54 44 sali,
1093 2101 126 44 abatardi,
1249 2101 174 44 stéréotypé;
1457 2101 18 44 ils
1514 2101 27 44 lui
1574 2101 39 44 ont

923 2140 91 39 enlevé
1042 2140 19 40 sa
1096 2139 103 41 saveur,
1228 2139 16 41 sa
1281 2139 114 42 chaleur,
1423 2138 19 43 sa
1480 2138 136 44 grandeur,

923 2175 19 34 en
988 2175 18 35 un
1052 2175 45 35 mot
1137 2175 49 36 tout
1223 2175 19 36 ce
1287 2175 40 37 qui
1362 2175 40 37 fait
1440 2175 18 38 sa
1504 2175 45 39 vie.
1584 2175 22 39 Le

922 2211 105 36 résultat
1057 2211 0 37 :
1090 2211 18 38 un
1150 2211 205 41 exhibitionisme
1394 2211 54 42 sans
1490 2211 123 44 émotion.

924 2244 126 38 Santana,
1097 2245 56 38 dans
1209 2246 121 39 quelques
1386 2247 123 39 instants,
1556 2248 50 39 sera

921 2282 132 40 beaucoup
1098 2282 48 39 plus
1188 2281 182 40 supportable.
1404 2281 64 40 Nous
1511 2280 95 40 serions

921 2317 67 39 tenté
1022 2317 27 39 ici
1084 2317 69 39 d’être
1196 2318 105 38 racistes
1343 2318 0 38 :
1376 2318 18 38 ils
1434 2318 57 38 sont
1525 2319 89 37 améri¬

922 2354 66 37 cains
1036 2353 18 38 ou
1105 2351 247 41 latino-américains
1403 2351 30 41 et,
1475 2351 9 42 à
1526 2350 87 43 défaut

923 2388 94 40 d’avoir
1048 2388 10 40 le
1095 2387 57 42 sens
1193 2387 19 42 du
1249 2385 226 45 développement
1507 2384 110 46 musical

921 2425 160 40 (qu’importe
1118 2424 17 40 sa
1171 2424 90 39 forme,
1289 2423 73 39 voyez
1393 2422 14 40 Jr
1438 2421 109 40 Walker,
1575 2421 37 39 par

922 2459 142 38 exemple),
1091 2459 18 39 ils
1145 2458 39 40 ont
1214 2458 0 40 «
1250 2457 55 41 pigé
1335 2457 0 41 »
1371 2457 9 41 le
1419 2456 106 43 rythme.
1555 2455 60 44 Ceci

924 2492 38 39 dit,
989 2492 20 39 ils
1045 2492 53 40 sont
1127 2492 141 41 médiocres
1304 2492 20 41 et
1351 2492 21 41 ne
1407 2492 209 42 soutiendraient

922 2529 9 41 la
973 2529 180 41 comparaison
1195 2531 53 39 avec
1290 2531 73 39 aucun
1406 2532 129 38 orchestre
1577 2533 36 37 cu¬

924 2568 49 39 bain
1007 2567 123 41 (Santana
1164 2567 83 41 incline
1284 2567 18 41 en
1339 2567 59 41 effet
1428 2566 50 43 vers
1511 2566 105 43 l’afro¬).

923 2605 17 37 ni
973 2605 53 38 avec
1067 2605 53 39 ceux
1161 2605 18 39 de
1217 2605 12 40 Jr
1264 2605 109 41 Walker,
1405 2605 18 41 de
1464 2605 97 43 Booker
1602 2605 14 43 T.

925 2640 84 41 Jones,
1041 2639 47 42 etc.
1119 2639 60 42 Pour
1213 2638 170 43 compenser,
1414 2638 56 43 pour
1505 2637 107 44 montrer

925 2675 188 39 l’authenticité
1151 2675 19 40 du
1214 2675 82 41 blues,
1330 2675 10 41 il
1378 2675 34 42 est
1450 2674 160 44 malheureux

927 2713 38 35 que
1006 2712 18 36 ne
1065 2712 47 37 soit
1145 2711 38 38 pas
1224 2711 53 38 venu
1319 2711 20 38 un
1380 2710 83 40 Buddy
1504 2709 44 41 Guy
1590 2709 20 41 ou

925 2746 173 39 quelqu’autre
1150 2746 130 41 bluesman
1332 2745 120 43 saignant
1499 2745 37 43 qui
1579 2745 37 44 eût

925 2784 97 37 prouvé
1051 2783 39 39 que
1125 2783 9 39 le
1172 2783 83 39 blues,
1284 2783 74 39 même
1393 2783 12 39 le
1443 2782 47 41 plus
1526 2782 0 41 «
1561 2782 56 41 sau¬

924 2819 56 36 vage
1018 2819 18 36 »,
1062 2819 36 37 est
1127 2819 88 38 encore
1254 2819 129 40 musique.
1413 2819 0 41 A
1454 2819 47 42 leur
1534 2819 84 43 place,

925 2853 57 38 nous
1024 2852 160 40 entendimes
1229 2852 139 41 Champion
1410 2851 48 43 Jack
1503 2851 115 44 Dupree,

927 2890 69 42 perdu
1031 2889 55 42 dans
1120 2889 58 41 cette
1212 2889 64 40 vaste
1310 2889 55 39 salle
1397 2889 20 38 et
1443 2888 43 39 Son
1520 2888 98 38 House.

927 2923 23 36 Ce
992 2923 94 38 dernier
1118 2923 71 39 prend
1227 2923 18 39 sa
1280 2923 95 41 retraite
1413 2923 18 41 et
1460 2923 59 42 nous
1554 2923 65 43 offrit

925 2957 37 44 son
999 2957 74 44 ultime
1106 2957 98 45 récitai.
1230 2957 57 45 Pour
1317 2957 37 45 qui
1381 2957 0 45 a
1415 2957 63 46 aimé
1505 2957 17 46 sa
1555 2957 61 46 voix,

924 2998 9 40 il
965 2998 44 41 n’en
1047 2998 50 43 faut
1125 2998 38 44 pas
1201 2998 41 45 dire
1280 2998 62 46 plus,

1701 107 118 65 Samedi,
1840 117 21 55 21
1892 100 20 72 h.
1938 100 129 73 Yodle-hi,
2093 113 62 61 c’est
2186 112 26 62 lui
2248 123 0 51 e
2279 123 0 52 —

1701 166 17 37 du
1757 166 73 39 free!
1863 167 9 38 Il
1901 167 36 39 est
1969 167 47 39 bien
2060 167 74 41 gentil
2163 167 9 41 le
2213 168 51 41 gran

1700 201 54 44 avec
1788 201 38 44 son
1864 201 116 44 poncho,
2008 201 35 44 son
2081 201 113 44 tambour
2225 201 19 44 et
2272 201 0 44 »

1700 238 68 43 gris;
1794 238 9 43 il
1832 238 56 43 nous
1924 239 121 41 fredonne
2080 239 38 41 son
2156 240 86 39 Créate

1699 268 88 50 savez,
1814 269 65 48 celui
1906 270 38 47 qui
1971 271 65 45 avait
2063 272 21 44 un
2121 273 0 42 «
2155 273 102 42 workins
2295 275 0 39 »

1697 307 19 45 et
1745 307 35 45 que
1818 306 234 47 magnifiquement
2078 306 112 47 Sanders
2222 306 80 47 lou¬»

1698 343 76 38 tibes.
1806 343 10 39 Il
1852 342 89 41 paraît,
1973 341 95 44 d’après
2114 340 76 46 Léon,
2223 339 19 48 qu

1700 380 0 37 «
1734 379 149 39 happyness
1917 379 31 39 for
1979 379 124 39 everyone
2140 378 0 41 »
2168 378 0 41 ;
2196 378 56 41 alors

1699 417 27 44 dû
1762 417 18 44 se
1825 417 87 44 gourer
1951 417 18 44 de
2015 417 99 44 formule
2159 417 66 41 parce
2270 417 0 38 —

1699 452 68 39 petits
1804 452 102 40 copains
1943 452 18 41 du
1998 452 68 41 grand
2103 452 77 42 Léon,
2205 452 77 43 là-b¬¬

1698 482 9 45 le
1743 482 99 46 ghetto,
1868 482 62 46 z’ont
1960 482 39 46 été
2028 482 200 48 passablement
2258 482 0 48 o

1698 523 57 40 Léon
1795 522 114 42 Thomas,
1936 521 77 45 quand
2046 521 10 45 il
2080 521 20 45 se
2137 521 53 46 veut
2217 521 0 47 «
2250 520 37 49 erm

1702 555 34 48 est
1779 555 97 47 porteur
1923 556 64 47 d’une
2037 556 124 48 idéologie
2211 557 27 41 lén
2285 557 0 43 »

1700 595 113 39 souhait.
1841 595 0 39 A
1885 594 53 41 côté
1970 594 19 41 de
2023 594 66 42 cela,
2114 593 63 44 c’est
2205 593 19 44 un
2262 593 0 44 e

1700 627 121 41 chanteur
1857 627 17 42 de
1918 627 83 43 blues,
2035 626 53 46 dans
2128 626 10 46 le
2178 626 30 47 sty
2235 626 40 48 e»

1703 666 19 38 (il
1755 666 0 38 a
1799 666 0 38 «
1840 666 74 38 fait»
1956 666 148 39 l’orchestre
2145 666 85 39 Basie)

2291 663 0 45 —

1701 702 26 35 n’a
1768 702 17 36 en
1825 701 61 38 rien,
1912 701 92 38 comme
2044 701 20 39 on
2102 700 100 41 pouvait
2234 700 12 41 le

1702 735 36 39 une
1781 734 75 41 feuille
1896 733 134 44 distribuée
2069 733 10 44 à
2112 733 16 45 sa
2168 732 88 47 gloire.
2289 732 0 48 —

1700 774 29 36 les
1765 774 155 38 possibilités
1959 774 17 39 de
2015 774 8 40 la
2062 774 44 40 voix
2141 774 127 42 humaine.

1701 808 9 35 il
1737 808 18 36 se
1791 808 61 37 croit
1882 808 0 37 «
1918 808 42 38 free
1999 808 18 39 »,
2044 808 9 39 il
2080 808 84 40 chante
2201 808 12 41 la
2246 808 78 42 tyro—

1702 843 18 37 ou
1765 843 163 40 marmonne,
1964 843 54 41 mais
2063 843 18 41 ça
2126 843 64 42 n’est
2229 843 81 44 pas»

1701 875 91 43 chose.
1817 874 65 45 Autre
1918 874 80 47 pétard
2034 873 203 52 passablement
2262 873 51 53 mo¬

1699 918 8 37 le
1744 918 188 38 saxophoniste
1974 918 34 38 Tom
2055 918 81 38 Scott.

1702 990 10 41 Il
1745 990 29 42 fut
1807 990 125 44 présenté
1965 990 91 45 comme
2099 990 20 45 un
2161 990 66 47 génie
2270 990 105 48 prèco¬¬

1700 1029 18 41 un
1757 1029 78 42 talent
1869 1029 9 42 à
1908 1029 147 43 découvrir,
2085 1029 105 43 presque
2233 1029 18 43 un
2293 1029 66 44 Moz¬

1702 1063 35 49 70.
1765 1064 35 48 Tom
1845 1064 70 48 Scott
1943 1065 28 47 n’a
2006 1065 21 47 en
2062 1066 62 46 effet
2149 1066 38 46 que
2226 1067 62 45 vingt
2320 1068 17 44 et
2365 1068 0 44 »

1704 1103 53 39 ans,
1789 1102 9 40 il
1826 1102 38 41 est
1896 1099 276 44 poly-instrumentiste
2213 1099 19 45 et
2267 1098 104 46 exceller

1698 1138 108 39 lecteur.
1832 1138 69 40 Outre
1934 1137 65 42 cela,
2022 1137 63 43 c’est
2111 1136 20 44 un
2163 1136 119 46 musicien
2318 1135 55 48 dOus

1702 1175 109 41 souvent
1846 1174 116 42 agréable
2003 1174 53 42 mais
2094 1174 13 42 il
2138 1173 101 43 manque
2279 1172 82 44 évider

1705 1213 64 35 ment
1812 1212 17 36 de
1878 1211 158 38 profondeur
2080 1211 17 38 et
2140 1210 17 39 de
2209 1209 135 41 maturité;

1702 1246 81 39 ignore
1818 1246 9 39 le
1862 1245 53 41 sens
1953 1244 37 42 des
2025 1243 110 43 nuances
2169 1243 19 43 et
2216 1242 38 45 son
2292 1242 28 45 jeu
2354 1241 19 46 es

1705 1283 83 38 dénué
1824 1282 19 39 de
1883 1281 62 41 toute
1988 1278 158 44 sensibilité.
2178 1277 43 46 S’il
2254 1276 20 47 ne
2316 1275 69 48 prer¬

1705 1317 34 43 pas
1780 1317 6 43 la
1827 1317 0 43 «
1865 1317 85 43 grosse
1987 1317 44 43 tête
2069 1317 0 43 »
2110 1317 18 43 (il
2160 1317 91 43 semble
2289 1317 37 43 que
2364 1317 19 43 c¬

1705 1354 44 39 soit
1787 1353 19 40 en
1850 1353 75 41 bonne
1969 1352 67 42 voie,
2070 1351 284 44 malheureusement).

1704 1391 83 40 pourra
1840 1391 52 43 faire
1947 1390 19 38 un
2018 1390 40 42 bon
2110 1388 212 44 improvisateur.
2365 1388 19 39 La

1706 1424 66 40 North
1826 1424 70 40 Texas
1944 1423 60 41 State
2052 1421 138 43 University
2239 1421 36 43 Lab
2326 1420 57 44 Ban¬

1706 1462 27 36 lui
1765 1462 77 36 servit
1877 1462 20 35 de
1941 1462 50 35 fond
2038 1461 106 35 sonore.
2179 1461 45 34 Des
2266 1461 52 34 trois
2360 1461 29 33 or¬

1703 1498 114 35 chestres
1874 1498 169 35 estudiantins
2099 1498 38 35 que
2192 1498 58 35 nous
2306 1498 83 35 enten¬

1704 1530 91 39 dimes,
1832 1530 19 40 ce
1899 1529 31 41 fut
1971 1527 270 44 incontestablement
2282 1527 10 45 le
2339 1526 44 46 plus

1703 1569 173 39 prétentieux.
1902 1569 83 40 Dirigé
2017 1569 37 40 par
2085 1569 32 41 M.
2143 1569 11 41 le
2192 1569 163 42 professeur,

1706 1605 133 41 présente,
1872 1604 96 42 malgré
2002 1604 9 42 la
2054 1603 123 43 diversité
2211 1603 37 43 des
2291 1602 95 44 auteur¬

1704 1637 37 39 des
1784 1637 212 40 arrangements,
2030 1638 37 39 une
2110 1638 111 40 curieuse
2267 1639 64 39 unité
2365 1639 19 39 de

1704 1676 54 39 style
1797 1675 0 40 :
1827 1674 103 41 Charles
1966 1674 45 41 lves
2047 1673 51 42 reçu
2134 1673 36 42 par
2203 1672 52 43 Stan
2294 1671 90 44 Kentor

1705 1712 17 37 et
1753 1712 43 37 Don
1834 1711 64 37 Ellis,
1923 1711 8 37 le
1969 1711 61 36 tout,
2055 1711 89 36 encore
2180 1710 38 36 une
2253 1710 59 36 fois,
2337 1710 53 35 exe¬

1706 1747 52 39 cuté
1788 1747 8 38 à
1823 1746 9 39 la
1867 1746 156 39 perfection,
2051 1745 93 38 malgré
2174 1744 123 39 l’extrême
2333 1744 57 37 difn¬

1704 1783 65 40 culté
1795 1782 18 41 de
1848 1781 118 42 l’écriture
2001 1781 50 41 (eux
2084 1780 70 42 aussi
2181 1780 56 42 sont
2263 1779 124 42 étudiants

1705 1818 20 35 en
1780 1816 141 39 musique).
1971 1815 59 41 Mais
2085 1813 115 44 celle-ci,
2249 1811 134 48 justement

1706 1852 72 38 donne
1814 1850 168 41 l’impressien
2018 1850 18 41 de
2073 1849 123 42 chercher
2226 1849 9 43 la
2271 1848 114 44 difficulte

1706 1890 56 39 pour
1794 1890 106 39 montrer
1932 1890 68 40 qu’on
2038 1890 56 41 peut
2123 1890 12 41 la
2170 1890 168 43 surmonter;
2368 1890 17 43 ce

1704 1924 65 43 n’est
1795 1924 38 43 pas
1866 1924 112 43 toujours
2010 1924 91 43 payant
2128 1924 20 43 en
2184 1924 159 43 athlétisme,
2369 1924 15 43 er

1706 1958 109 46 musique
1851 1954 98 50 jamais.
1977 1955 0 49 A
2017 1955 130 49 l’opposé,
2173 1957 61 47 alors
2267 1958 68 46 qu’on
2368 1959 18 45 ne

1705 1995 141 41 l’attendait
1879 1994 56 42 pas,
1967 1994 167 44 l’homonyme
2177 1994 20 45 du
2239 1993 59 47 petit
2334 1993 36 48 Tom

1711 2032 52 39 Tony
1798 2031 13 41 le
1846 2030 110 42 chauve.
1991 2030 55 43 Tony
2081 2029 71 44 Scott
2184 2029 55 44 nous
2277 2028 61 46 offrit
2370 2028 17 46 ur

1708 2068 128 38 spectacle
1877 2067 44 40 très
1962 2066 110 41 plaisant
2106 2066 54 41 avec
2200 2065 10 42 le
2254 2065 12 43 Jr
2301 2064 85 44 Mance

1705 2103 33 39 trio
1775 2103 19 39 et
1823 2103 97 39 surtout
1949 2103 209 39 l’incomparable
2195 2103 78 39 Bosko
2313 2103 80 39 Petro¬

1707 2140 46 38 vic.
1792 2139 20 41 Ils
1855 2138 118 46 jouèrent
2015 2138 10 43 le
2075 2137 65 47 blues
2189 2136 56 45 avec
2291 2135 39 41 joie
2380 2135 13 43 et

1706 2174 159 40 conviction.
1895 2174 107 39 Petrovic
2040 2173 20 39 et
2093 2173 27 38 O.
2147 2173 105 38 Jackson
2290 2172 104 38 s’entre¬

1705 2212 89 38 tinrent
1823 2211 18 38 un
1880 2211 110 37 moment
2018 2210 37 37 sur
2086 2210 58 37 leurs
2180 2210 76 36 peaux
2293 2209 101 36 respec¬

1705 2246 58 41 tives
1801 2245 16 42 et
1849 2245 48 42 tout
1926 2245 13 42 le
1974 2244 87 43 monde
2099 2243 29 44 fut
2160 2243 106 44 heureux
2304 2242 19 45 de
2362 2242 25 45 les

1710 2280 63 40 avoir
1813 2278 142 42 entendus.
1993 2278 25 42 De
2065 2276 94 44 même,
2200 2275 72 45 Yusef
2313 2274 82 46 Lateer

1708 2315 28 41 fut
1764 2315 59 41 pour
1851 2315 132 40 beaucoup
2020 2315 36 39 une
2093 2315 174 39 découverte.
2292 2315 23 38 Sa
2351 2315 45 37 mu¬

1710 2352 65 41 sique
1822 2352 35 42 est
1894 2351 137 43 réfléchie,
2068 2350 191 45 délibérément
2300 2350 89 46 choisie

1711 2391 55 35 dans
1810 2390 17 35 sa
1872 2390 69 35 forme
1988 2390 17 34 et
2045 2389 136 34 s’avance,
2218 2389 49 33 sûre
2314 2388 79 34 d’elle¬

1710 2424 72 41 même
1817 2424 15 41 et
1864 2423 16 42 de
1917 2423 16 42 sa
1971 2421 145 44 pérennité.
2141 2420 101 45 Chaque
2279 2420 48 45 note
2361 2419 35 46 es¬

1707 2459 177 42 sélectionnée
1925 2458 55 43 avec
2015 2457 65 45 soin,
2109 2456 93 46 chaque
2240 2455 87 47 phrase
2363 2455 32 47 est

1709 2495 178 41 précisément
1926 2494 166 42 construite;
2131 2494 27 42 les
2206 2494 54 42 unes
2309 2494 18 42 et
2363 2494 30 42 les

1711 2531 96 39 autres,
1841 2530 58 40 dans
1942 2530 10 40 le
1998 2530 68 41 cours
2112 2530 18 41 de
2173 2529 207 42 l’improvisatior

1711 2566 126 39 semblent
1877 2565 227 41 irremplaçables,
2144 2564 114 43 donnent
2298 2564 92 43 l’image

1710 2603 46 41 d’un
1791 2603 158 41 classicisme
1984 2602 115 41 inaltéré,
2125 2602 66 41 d’une
2225 2602 87 40 pureté
2338 2602 54 40 sans

1708 2639 123 40 bavures.
1858 2639 85 39 Lateef
1973 2639 28 38 fut
2031 2638 120 39 secondé
2179 2638 55 38 avec
2272 2637 36 38 une
2346 2637 49 37 per¬

1707 2673 95 41 tinence
1838 2673 20 41 de
1890 2672 33 42 ton
1956 2671 85 44 unique
2077 2671 39 44 par
2146 2670 65 46 Barry
2247 2669 75 48 Harris
2355 2669 13 48 (p

1708 2704 42 46 Bob
1788 2704 164 47 Cunningham
1994 2704 31 47 (b)
2053 2704 17 47 et
2098 2704 21 47 Al
2147 2704 0 47 «
2182 2704 73 48 Tootie
2290 2704 0 48 »
2321 2704 60 48 Heat

1709 2746 70 38 (dm).
1815 2746 23 38 Ce
1879 2746 30 39 fut
1941 2745 97 40 surtout
2073 2745 9 40 le
2123 2744 103 42 pianiste
2268 2743 35 43 qui
2335 2743 56 43 nou¬

1709 2780 114 39 marqua,
1856 2780 70 40 grand
1968 2780 67 40 poète
2076 2780 21 40 du
2138 2780 103 41 clavier,
2273 2780 56 41 plein
2373 2780 18 41 os

1709 2812 94 42 finesse
1856 2811 20 43 et
1923 2811 20 44 de
1997 2811 173 45 délicatesse.
2220 2810 40 47 Ses
2314 2810 77 48 doigt¬

1711 2853 130 38 semblent
1880 2852 10 39 à
1930 2852 64 40 peine
2043 2852 117 41 effleurer
2203 2851 28 43 les
2277 2851 105 44 touches

1710 2888 20 39 en
1768 2887 49 39 fait,
1848 2887 11 38 il
1886 2887 27 38 les
1955 2886 137 38 caressent
2125 2886 19 37 et
2177 2885 128 37 pourtant,
2336 2885 44 36 l’ins

1713 2923 106 40 trument
1870 2922 75 46 sonne
2003 2921 21 47 en
2082 2919 102 47 beauté.
2235 2917 93 48 Heath,
2372 2916 0 47 a

1709 2957 138 44 contraire,
1873 2957 115 44 brutalise
2024 2957 36 44 ses
2093 2957 95 44 peaux,
2215 2957 56 44 mais
2303 2957 43 44 sait
2376 2957 13 44 et

1710 2996 25 51 les
1775 2994 144 52 martelant,
1948 2994 29 50 les
2013 2993 83 51 rendre
2135 2992 130 51 sensibles
2301 2991 18 50 et
2352 2991 25 49 me
