2480 3173
440 107 230 72 IEAN-CHARLES
713 112 99 64 CAPON

106 243 9 42 Il
150 243 34 42 est
224 243 39 41 des
306 243 140 41 musiciens
489 223 144 60 marginaux
676 222 57 60 dont
772 222 26 60 les
842 233 69 49 noms
955 227 152 54 reviennent
1146 228 18 52 de

106 284 77 40 temps
218 284 10 39 à
257 282 80 41 autres
375 282 10 41 à
411 282 9 41 la
459 280 96 42 surface
593 280 10 42 à
632 278 138 44 l’occasion
811 277 65 44 d’une
914 275 189 45 manifestation
1145 274 19 45 ou

108 319 44 38 d’un
189 318 83 38 disque
311 317 55 38 mais
400 316 120 38 auxquels
556 316 19 36 on
611 315 18 36 ne
669 314 73 37 pense
778 313 47 36 plus
862 312 125 36 lorsqu’on
1023 311 84 36 établit
1138 310 26 35 les

107 355 148 41 référenda.
287 354 31 39 Tel
345 353 36 39 est
411 353 8 38 le
457 352 36 39 cas
529 351 19 39 de
583 348 184 41 Jean-Charles
805 347 82 38 Capon
923 345 58 39 dont
1011 344 57 38 nous
1104 343 68 38 chro¬

104 389 104 39 niquons
245 388 17 38 un
303 387 83 39 disque
423 385 57 39 dans
518 385 8 38 le
564 382 117 41 prochain
719 380 114 41 numéro.
865 378 126 41 Pourquoi
1023 375 123 43 marginal
1166 375 0 41 ?

105 427 40 40 lci,
170 426 62 40 c’est
263 424 165 41 simplement
456 422 70 41 parce
563 421 36 40 que
638 420 82 40 Capon
756 419 48 40 joue
840 418 20 40 un
896 416 152 41 instrument
1079 415 39 40 qui
1146 414 17 40 ne

109 460 69 44 figure
211 460 39 43 pas
284 459 54 43 dans
371 458 9 42 la
413 457 114 43 panoplie
560 456 21 42 du
614 455 88 42 parfait
729 454 126 42 orchestre
888 453 21 41 de
942 453 61 40 jazz,
1027 452 18 40 en
1081 451 93 40 l’occu¬

108 498 69 40 rence
212 498 10 41 le
259 497 149 44 violoncelle

110 547 68 40 C’est
206 546 55 40 avec
298 544 144 42 l’orchestre
479 543 19 41 de
534 542 31 42 Jef
596 541 80 42 Gilson
713 540 67 42 qu’on
817 538 148 44 commence
1002 537 9 43 à
1036 537 9 43 le
1082 535 92 45 remar¬

109 582 69 40 quer.
210 580 177 41 Auparavant,
419 580 10 38 il
462 579 61 39 avait
558 578 48 38 bien
649 577 53 38 joué
737 576 56 38 avec
833 574 118 39 Jean-Luc
994 573 88 38 Ponty,
1114 572 59 38 Ray¬

108 619 67 38 mond
220 618 39 39 Fol
291 617 19 40 et
345 615 129 42 Stéphane
515 613 135 44 Grappelli
682 611 97 46 lorsque
824 609 99 43 ceux-ci
958 607 155 45 projetaient
1148 606 19 43 un

109 654 129 38 ensemble
276 653 8 38 à
312 652 87 38 cordes
435 652 36 37 qui
498 651 19 38 ne
553 650 82 38 devait
665 649 36 38 pas
736 649 17 38 se
791 647 181 39 matérialiser.
999 646 74 38 Après
1109 645 66 39 quoi,

109 687 184 41 Jean-Charles
330 686 107 39 regagna
477 685 8 38 la
525 683 134 40 province,
691 682 112 39 montant
835 681 19 38 un
894 680 130 38 ensemble
1065 679 53 37 avec
1158 678 8 37 le

111 725 85 40 flûtiste
234 723 118 40 LaBrunie
388 722 19 39 et
435 721 10 39 le
481 719 126 41 guitariste
646 719 22 38 P.
692 717 85 40 Giraud
816 716 57 39 pour
906 714 93 40 donner
1032 713 36 39 des
1106 712 66 39 galas

109 761 56 37 dans
202 760 11 38 la
253 760 78 38 région
371 760 19 38 de
430 759 79 39 Brive.

112 800 181 49 Jean-Charles
327 796 82 50 Capon
446 796 34 49 est
508 796 153 48 provincial.
685 796 7 45 Il
716 796 85 45 naquit
828 796 7 44 à
862 796 72 43 Vichy
964 796 21 42 en
1022 796 69 41 1936,
1114 796 55 40 mais

113 847 29 37 fut
174 845 72 38 élevé
280 845 9 37 à
320 844 80 38 Nancy
438 843 28 38 où
498 842 37 38 son
576 841 51 39 pére
667 839 147 40 enseignait
845 839 9 38 la
894 837 129 40 musique.
1055 836 72 39 C’est
1158 835 17 39 là

112 880 58 38 qu’il
198 880 19 37 fit
248 879 36 37 ses
323 878 86 38 études
446 877 18 37 et
498 875 164 39 commença,
691 875 10 36 à
730 873 117 38 quatorze
886 872 55 37 ans,
970 872 8 36 à
1009 870 167 38 s’intéresser

115 916 16 39 au
172 915 58 39 jazz.
260 914 99 39 Malgré
389 912 161 40 l’opposition
592 910 153 40 paternelle,
775 910 11 38 il
816 909 39 38 fait
885 908 96 38 bientôt
1013 907 69 38 partie
1123 906 47 38 d’un

115 950 147 38 orchestre,
291 949 17 38 ce
348 949 37 38 qui
414 948 95 39 l’oblige
549 948 8 38 à
586 947 95 39 étudier
715 945 195 40 sérieusement
942 945 9 39 la
991 943 189 41 contrebasse,

115 987 15 37 ce
171 986 38 37 qui
237 985 102 37 l’amène
379 983 148 38 finalement
560 983 7 36 à
598 982 63 36 venir
694 982 10 35 à
735 981 58 35 Paris
834 980 56 35 pour
923 980 76 34 suivre
1037 979 28 34 les
1103 978 69 34 cours

116 1020 18 37 du
174 1018 77 38 maître
292 1017 57 38 Paul
383 1015 124 40 Tortelier.
538 1013 98 40 Service
676 1011 103 41 militaire
820 1010 54 41 dans
914 1009 9 41 la
963 1007 109 43 musique
1112 1007 29 42 où
1170 1006 8 42 il

116 1052 17 40 se
164 1051 20 41 lie
217 1051 54 40 avec
304 1050 104 41 Philippe
442 1049 129 41 Combelle
605 1049 36 39 qui
667 1048 36 40 une
737 1048 39 39 fois
810 1046 157 41 démobilisé
992 1046 9 39 le
1035 1046 39 39 fait
1099 1045 79 40 entrer

116 1091 55 42 dans
211 1090 144 42 l’orchestre
395 1089 20 41 de
453 1089 37 40 son
530 1088 69 41 père,
628 1088 43 40 Alix
705 1087 181 40 (1960-1961),
915 1086 37 39 qui
984 1086 29 38 fut
1044 1086 38 37 son
1122 1085 57 38 véri¬

117 1126 57 40 table
209 1125 155 41 professeur
393 1124 92 41 ès-jazz

118 1174 0 40 A
158 1173 38 40 ses
231 1171 122 42 moments
388 1169 107 42 perdus,
523 1167 85 43 Capon
645 1166 48 42 joue
730 1165 19 43 du
787 1162 147 45 violoncelle
972 1161 54 44 avec
1063 1160 38 44 une
1136 1159 44 44 for¬

119 1210 81 41 mation
237 1210 17 40 de
290 1209 110 40 musique
436 1208 17 40 de
490 1207 115 41 chambre
639 1207 36 40 qui
700 1206 113 40 s’inspire
849 1205 20 40 du
903 1204 115 40 quintette
1054 1204 9 39 à
1088 1203 87 40 cordes

118 1248 19 35 de
176 1248 93 37 Django
310 1248 148 40 Reinhardt.

120 1286 49 43 Puis
205 1285 62 44 c’est
297 1284 55 44 avec
388 1284 102 44 Gilson,
519 1283 36 44 aux
591 1282 66 45 côtés
696 1282 16 45 de
751 1282 46 45 Jean
836 1281 99 45 Liesse,
964 1280 88 46 Gérard
1092 1279 91 46 Lockel

121 1332 32 39 (g)
182 1331 19 40 et
230 1330 90 40 Robert
352 1329 90 41 Barnet
471 1328 61 41 (dm)
561 1327 54 42 qu’il
644 1326 90 43 aborde
769 1326 10 42 le
814 1325 45 43 jazz
891 1323 135 44 moderne.
1055 1323 61 44 Avec
1151 1322 36 44 lui,

121 1366 9 40 il
159 1365 18 41 va
212 1365 9 40 à
250 1363 180 42 Madagascar
462 1362 71 42 écrire
571 1362 38 41 des
645 1360 194 43 arrangements
877 1359 59 42 pour
968 1359 27 41 les
1033 1357 144 43 orchestres

120 1400 100 43 locaux.
257 1399 69 42 C’est
361 1398 54 42 avec
458 1397 26 41 lui
516 1396 71 42 aussi
622 1395 54 41 qu’il
711 1393 138 42 enregistra
889 1392 57 41 avec
989 1391 40 41 Bill
1061 1389 118 42 Coleman

121 1433 19 44 et
171 1434 67 43 Philly
273 1435 31 43 Joe
342 1435 84 43 Jones,

123 1475 23 45 Un
191 1475 0 47 «
228 1475 131 53 workshop
400 1475 4 46 »
441 1475 7 48 à
482 1475 138 51 Hambourg
661 1475 57 48 avec
759 1475 97 46 Martial
889 1475 79 43 Solal,
998 1475 45 41 puis
1084 1475 19 39 un
1144 1475 33 38 trio

122 1520 55 45 avec
218 1518 116 46 Georges
371 1516 137 47 Alexandre
549 1514 140 48 (clavecin)
723 1513 17 48 et
774 1512 106 49 Philippe
921 1510 130 50 Combelle
1088 1509 34 50 (dm
1170 1508 17 50 et

121 1556 89 42 tabla).

121 1603 185 41 Jean-Charles
350 1602 82 40 Capon
473 1601 135 40 considère
653 1600 38 39 que
735 1600 26 39 les
802 1599 138 39 musiciens
982 1598 108 39 français
1131 1597 56 39 sont

125 1641 42 37 trop
209 1640 132 38 obnubilés
378 1639 39 38 par
448 1638 62 39 leurs
549 1638 0 38 «
586 1637 134 39 maîtres»
757 1636 168 40 américains.
954 1635 44 40 Une
1038 1635 39 40 fois
1114 1634 67 40 qu’on

126 1674 43 42 sait
200 1673 58 42 dans
292 1673 75 41 quelle
404 1672 46 41 voie
488 1672 20 41 on
545 1672 55 40 veut
629 1671 69 40 aller,
723 1671 9 39 il
761 1671 49 39 faut
838 1671 18 38 se
893 1670 115 39 dégager
1040 1670 20 37 de
1097 1669 92 38 l’imita¬

126 1711 40 41 tion
203 1711 19 41 et
253 1710 61 42 voler
348 1710 19 42 de
404 1710 33 42 ses
474 1709 105 43 propres
616 1709 71 43 ailes.

129 1757 0 41 «
162 1750 37 48 J’ai
226 1751 107 46 besoin,
359 1753 70 43 dit-il,
456 1754 63 41 d’une
556 1747 160 48 motivation.
746 1745 114 48 l’attache
900 1747 37 45 une
973 1748 90 44 grande
1100 1750 87 41 impor¬

126 1796 67 35 tance
233 1795 17 35 au
289 1795 77 35 thème
405 1794 20 35 ou
465 1794 17 35 au
521 1794 37 34 son
598 1792 175 36 d’ensemble.
805 1792 52 35 Cela
897 1791 128 35 nécessite
1065 1791 19 34 de
1124 1790 67 34 nom¬

128 1830 104 40 breuzes
267 1828 148 40 répétitions
451 1828 52 39 mais
538 1827 19 39 on
593 1826 90 39 aborde
719 1825 63 39 ainsi
807 1825 27 38 les
870 1823 145 39 problèmes
1050 1823 19 37 du
1105 1822 85 38 métier

129 1866 16 39 et
177 1865 16 40 on
232 1865 112 40 acquiert
373 1863 170 42 l’expérience
578 1862 212 42 indispensable.
819 1860 186 44 Evidemment,
1031 1860 10 43 il
1066 1859 49 44 faut
1143 1859 42 44 être

129 1902 125 45 plusieurs
293 1902 9 45 à
334 1901 132 46 consentir
501 1901 36 46 cet
572 1900 87 47 effort,
691 1900 51 39 mais
784 1900 48 42 cela
871 1899 96 45 permet
1002 1899 71 39 aussi
1108 1898 19 42 de
1169 1898 16 44 se

128 1936 94 43 révéler
255 1936 9 43 à
295 1935 148 44 soi-même.

132 1984 0 37 «
168 1983 61 42 Avec
265 1982 11 44 le
312 1981 54 48 trio,
395 1979 140 51 j’entrevois
575 1979 11 42 la
622 1977 148 44 possibilité
802 1976 18 45 de
860 1975 50 46 faire
950 1975 18 46 un
1007 1974 44 47 jazz
1087 1973 18 48 un
1144 1972 40 49 peu

129 2019 126 41 baroque,
286 2019 28 40 où
342 2019 17 39 se
398 2018 146 40 retrouvent
578 2018 17 38 un
631 2018 39 38 peu
707 2018 28 37 les
774 2017 118 38 folklores
928 2017 115 36 africains
1079 2016 17 36 et
1127 2016 65 36 asia¬

129 2057 77 47 tiques
238 2055 157 48 amalgamés
427 2055 35 46 aux
494 2054 131 47 traditions
657 2053 177 46 occidentales
866 2053 57 44 dont
949 2052 10 44 le
991 2052 45 44 jazz
1068 2051 35 44 est
1128 2051 58 44 l’une

131 2094 36 40 des
203 2093 92 43 formes
328 2093 29 43 les
393 2093 46 44 plus
475 2092 108 46 actives.

887 2138 90 53 .Pierre
1012 2139 187 52 CRESSANT.

138 3066 27 43 32

1300 1056 120 61 Deapone
1450 1055 30 60 de
1517 1016 113 98 mameman
1674 1013 46 100 tone
1757 1002 121 110 canvome
1937 1003 91 107 macua
2065 1010 53 98 nest
2148 1039 31 68 pas
2208 997 158 110 morepeer¬

1304 1107 18 37 de
1355 1106 35 37 jazz
1418 1106 0 36 —
1464 1105 18 37 et
1505 1105 17 36 ne
1553 1104 81 37 prêtend
1667 1104 31 35 pas
1730 1103 69 36 l’être.
1824 1102 59 36 C’est
1908 1102 15 35 un
1956 1101 74 35 groupe
2063 1101 0 34 «
2093 1100 31 34 pop
2157 1100 13 34 ».
2195 1099 10 34 Il
2230 1099 54 34 n’est
2312 1098 55 34 pour¬

1303 1134 41 36 tant
1374 1134 30 35 pas
1437 1132 113 37 question,
1580 1132 5 36 à
1615 1132 0 35 «
1646 1130 98 37 Jazz-Hot
1774 1130 0 36 »
1807 1130 17 36 de
1859 1128 159 37 concurrencer
2049 1127 24 37 les
2109 1126 71 37 revues
2213 1124 151 38 spécialisées

1304 1160 46 38 dans
1385 1160 11 37 la
1431 1158 135 38 pop-music.
1594 1157 50 37 Nous
1680 1155 114 37 voudrions
1830 1153 139 37 simplement
2000 1152 66 35 attirer
2099 1151 114 35 l’attention
2251 1150 31 34 des
2317 1149 53 34 ama¬

1304 1186 53 35 teurs
1390 1185 29 35 sur
1450 1185 50 35 cette
1534 1184 106 35 formation
1677 1182 200 36 particulièrement
1906 1181 117 35 originale,
2049 1181 55 34 parce
2138 1180 49 34 que,
2213 1180 53 33 entre
2299 1179 66 34 autres

1307 1211 96 42 raisons,
1433 1211 34 40 elle
1504 1209 109 41 comprend
1652 1208 157 41 quelques-uns
1843 1207 31 39 des
1910 1206 70 40 jeunes
2017 1205 90 39 jazzmen
2143 1205 17 38 de
2196 1204 9 38 la
2241 1203 124 39 génération

1306 1240 105 43 montante

1308 1273 94 38 MAGMA
1443 1272 63 38 c’est,
1537 1271 101 38 d’abord,
1670 1270 100 39 Christian
1808 1269 92 39 Vander.
1928 1269 12 38 Je
1977 1268 52 39 crois
2063 1267 32 39 que
2135 1266 89 40 Maurice
2262 1265 69 40 Cullaz
2365 1273 3 31 à

1307 1299 31 40 eu,
1373 1298 103 40 naguère,
1508 1297 117 40 l’occasion
1665 1296 15 40 de
1720 1296 46 39 nous
1803 1295 66 40 parler
1903 1295 18 39 de
1958 1295 14 38 ce
2012 1294 89 39 batteur,
2133 1293 9 39 à
2170 1293 98 39 l’époque
2308 1292 23 38 où
2362 1292 0 38 i

1307 1328 66 43 jouait
1401 1328 43 42 avec
1482 1327 37 42 Mal
1551 1326 109 42 Waldron,
1686 1326 14 40 au
1737 1325 0 40 «
1772 1325 49 40 Chat
1849 1324 32 40 qui
1913 1323 60 40 Pêche
2010 1323 0 39 »
2042 1322 40 39 puis
2117 1322 8 38 à
2154 1321 98 39 Antibes,
2277 1320 95 38 pendant

1301 1353 16 39 lle
1350 1352 88 40 festival
1468 1352 52 39 1969.
1547 1351 102 39 Christian
1684 1350 80 39 Vander
1794 1350 30 38 que
1859 1349 22 38 les
1914 1348 115 39 musiciens
2062 1348 16 38 de
2111 1347 58 38 Miles
2202 1347 87 37 allaient
2317 1346 57 37 cher¬

1310 1382 43 35 cher
1381 1381 41 36 tous
1458 1380 21 36 les
1512 1380 66 36 soirs,
1605 1379 58 37 après
1696 1378 24 37 les
1750 1377 113 38 concerts,
1890 1377 47 37 pour
1964 1376 58 38 jouer
2049 1375 93 39 jusqu’au
2175 1374 57 39 matin

1313 1407 78 36 Vander
1424 1406 30 36 est
1485 1405 48 37 donc
1569 1405 6 37 la
1614 1404 0 38 -
1644 1404 36 37 tête
1716 1403 12 38 »,
1758 1403 9 38 le
1803 1402 70 39 leader
1906 1401 15 39 du
1957 1400 90 40 groupe.
2077 1399 9 40 Il
2116 1399 0 40 y
2152 1398 0 41 a
2185 1398 15 41 un
2237 1397 33 42 peu
2306 1396 63 42 moins

1309 1433 41 37 d’un
1391 1432 33 37 an,
1457 1432 8 37 il
1501 1431 118 37 réunissait
1654 1430 105 37 quelques
1797 1429 118 37 musiciens
1956 1429 30 35 qui
2022 1427 139 37 acceptaient
2197 1427 17 35 de
2255 1426 118 36 consacrer

1312 1459 40 37 tout
1381 1458 40 38 leur
1453 1458 62 37 temps
1552 1458 8 37 à
1587 1458 32 37 des
1654 1457 125 37 répétitions
1814 1456 168 38 quotidiennes,
2009 1456 35 37 afin
2078 1455 16 37 de
2129 1455 56 37 jouer
2215 1455 16 37 sa
2265 1454 107 37 musique,

1311 1489 19 37 Au
1367 1488 55 38 cours
1459 1487 30 39 des
1523 1485 123 40 semaines,
1674 1484 101 41 quelques
1812 1483 86 42 solistes
1935 1481 144 43 s’ajoutèrent
2107 1481 15 43 au
2159 1479 89 45 groupe,
2279 1478 89 45 d’autres

1307 1517 69 39 furent
1400 1517 136 44 remplacés.

1309 1553 19 35 En
1364 1552 60 36 avril,
1453 1552 18 35 ils
1507 1551 47 36 sont
1586 1550 39 36 huit
1656 1550 31 36 qui
1719 1549 86 37 signent
1836 1548 8 37 le
1883 1547 88 38 premier
2003 1546 185 38 enregistrement
2219 1545 15 38 de
2271 1544 94 39 MAGMA

1312 1582 46 37 chez
1390 1581 75 38 Philips
1499 1581 32 38 (1).
1559 1581 69 38 C’est,
1654 1580 121 39 d’emblée,
1801 1580 17 39 un
1852 1579 72 40 double
1956 1579 77 40 album.

1311 1618 16 37 La
1363 1615 145 40 présentation
1548 1615 15 39 de
1600 1614 9 39 la
1646 1613 98 40 pochette
1781 1612 46 40 peut
1858 1610 126 42 surprendre
2021 1609 0 42 :
2051 1609 10 42 le
2097 1607 74 44 groupe
2211 1607 28 43 est
2272 1605 102 45 présenté

1312 1648 78 35 comme
1424 1648 32 34 une
1490 1647 49 35 sorte
1576 1646 15 36 de
1625 1645 55 36 secte
1714 1645 40 36 qui,
1783 1644 83 37 suivant
1895 1643 14 37 un
1944 1642 80 38 schéma
2059 1642 17 37 de
2110 1641 83 38 science
2225 1640 69 39 fiction
2328 1639 49 39 dont

1312 1672 11 36 la
1360 1671 92 37 musique
1492 1670 39 37 suit
1564 1669 135 38 l’itinéraire,
1733 1669 58 37 quitte
1831 1668 8 38 la
1876 1668 47 38 terre
1960 1668 8 38 à
1999 1667 45 38 bord
2083 1667 39 38 d’un
2161 1666 96 39 vaisseau
2299 1665 78 39 spatial

1314 1701 47 40 pour
1388 1700 104 40 rejoindre
1525 1699 30 40 une
1588 1699 82 39 planète
1703 1698 14 39 de
1752 1698 39 39 paix
1821 1697 93 39 nommée
1947 1697 0 38 -
1977 1696 77 39 Kobaia
2087 1696 13 38 ».
2125 1695 107 38 Passons.
2257 1695 38 37 Cet
2320 1694 57 38 argu¬

1313 1727 55 35 ment
1395 1726 94 35 futuriste
1521 1725 160 35 s’accepterait
1708 1724 124 35 cependant
1859 1723 62 34 mieux
1955 1723 32 34 s’il
2015 1722 14 34 ne
2064 1721 81 35 prenait
2173 1721 29 34 une
2237 1720 59 34 teinte
2331 1720 46 33 pas¬

1312 1752 126 38 sablement
1473 1750 176 38 paranoiaque...
1680 1749 47 37 Mais
1765 1749 9 37 il
1806 1748 66 37 s’agit
1903 1747 25 37 ici
1960 1747 15 37 de
2013 1745 110 38 musique.
2155 1744 103 44 Christian
2296 1743 82 43 Vander

1314 1780 0 39 a
1349 1780 59 39 signé
1437 1779 24 40 six
1493 1779 30 40 des
1555 1779 27 40 dix
1611 1779 79 40 thèmes
1723 1778 132 41 enregistrés

1317 1817 9 46 Il
1355 1816 13 46 va
1403 1815 45 47 sans
1480 1815 35 46 dire
1551 1814 48 46 que,
1628 1813 54 46 d’une
1714 1812 51 46 part,
1794 1810 103 47 l’emprise
1932 1810 16 45 de
1983 1809 29 46 ses
2044 1807 144 47 conceptions
2221 1806 28 46 est
2278 1805 93 46 sensible

1317 1846 46 36 dans
1393 1846 42 36 tout
1462 1845 71 36 l’album
1574 1845 17 36 et
1618 1844 47 37 que,
1692 1843 74 37 d’autre
1802 1842 49 38 part,
1878 1842 9 37 il
1914 1841 63 38 s’agit
2005 1841 68 38 autant
2100 1840 42 38 d’un
2174 1839 74 39 travail
2273 1838 99 39 collectif

1316 1872 16 38 La
1361 1871 102 39 cohésion
1495 1871 16 38 du
1543 1870 74 38 groupe
1650 1870 29 38 est
1703 1869 35 38 très
1770 1868 213 39 impressionnante,
2010 1867 80 38 surtout
2114 1867 16 38 si
2154 1866 35 38 l’on
2221 1866 48 38 tient
2293 1865 80 39 compte

1317 1898 14 35 de
1370 1898 8 35 la
1417 1897 88 36 rapidité
1537 1896 47 37 avec
1619 1895 91 38 laquelle
1749 1895 23 38 les
1807 1894 88 39 rythmes
1934 1894 23 38 les
1995 1893 38 39 plus
2072 1893 64 39 variés
2171 1891 168 41 s’enchainent.
2368 1891 0 41 A

1317 1923 13 42 ce
1363 1923 65 42 sujet,
1456 1922 92 42 MAGMA
1585 1922 30 42 est
1643 1921 108 43 beaucoup
1785 1921 61 42 moins
1880 1920 120 43 prisonnier
2027 1920 19 42 du
2077 1920 80 42 fameux
2187 1919 74 43 binaire
2295 1919 31 42 que
2359 1919 16 42 de

1316 1951 113 38 nombreux
1461 1952 65 37 autres
1558 1952 91 37 groupes
1681 1953 0 37 -
1711 1953 32 37 pOp
1778 1953 0 37 »

1316 1986 16 42 La
1367 1986 94 42 musique
1495 1986 32 41 est
1555 1985 116 42 structurée
1706 1985 44 41 avec
1784 1985 10 41 le
1828 1985 41 41 plus
1904 1985 56 40 grand
1995 1985 37 40 soin
2067 1985 0 39 :
2095 1985 9 39 il
2133 1984 25 40 n’y
2189 1984 0 40 a
2224 1984 15 40 en
2274 1984 41 40 tout
2343 1984 31 39 que

1319 2014 45 43 deux
1400 2014 66 42 courts
1503 2014 108 42 passages
1647 2014 186 41 d’improvisation
1870 2013 30 41 sur
1933 2013 24 40 les
1993 2013 45 40 deux
2074 2013 102 40 disques.
2203 2013 25 39 On
2264 2013 111 39 regrettera

1319 2043 100 40 peut-être
1457 2043 32 40 que
1527 2043 89 39 certains
1654 2042 76 40 thèmes
1769 2041 79 41 n’aient
1883 2041 15 40 pu
1936 2041 35 40 être
2010 2040 105 41 exploités
2154 2040 29 41 par
2218 2040 24 40 les
2280 2039 85 41 solistes

1318 2071 46 35 mais
1403 2070 145 36 l’impression
1589 2070 16 35 de
1644 2069 90 36 solidité
1767 2069 30 36 que
1838 2069 60 36 laisse
1939 2068 126 37 l’ensemble
2106 2068 14 37 en
2161 2068 30 36 est
2224 2067 71 37 encore
2336 2067 38 37 plus

1315 2096 51 40 torte

1319 2127 102 42 Christian
1455 2128 80 41 Vander
1565 2128 0 41 a
1596 2128 40 41 bâti
1661 2128 15 41 sa
1710 2129 92 40 musique
1833 2129 71 40 autour
1935 2129 15 39 de
1981 2130 12 38 sa
2027 2130 98 38 batterie,
2153 2130 132 38 empruntant
2313 2131 25 37 ici
2362 2131 16 37 au

1321 2162 118 37 Free-Jazz,
1468 2162 14 37 là
1508 2161 15 38 au
1560 2161 95 38 Rhythm'
1684 2161 28 38 and
1747 2161 72 38 blues,
1847 2160 15 39 là
1891 2160 71 39 encore
1997 2160 9 39 à
2031 2160 9 39 la
2075 2160 92 39 musique
2201 2159 175 40 contemporaine

1316 2191 19 38 (il
1369 2191 24 38 dit
1425 2190 126 38 s’inspirer,
1583 2189 51 38 entre
1671 2189 80 37 autres,
1783 2188 16 37 de
1837 2187 152 38 Strawinsky),
2021 2187 16 37 et
2069 2186 56 37 mène
2165 2185 126 38 l’ensemble
2331 2185 42 36 avec

1319 2215 33 42 une
1385 2215 90 34 autorité
1506 2214 33 36 que
1575 2214 39 36 tous
1650 2214 45 36 ceux
1731 2214 30 36 qui
1791 2213 51 37 l’ont
1873 2213 84 38 entendu
1993 2213 57 38 jouer
2083 2213 15 38 du
2131 2213 39 38 jazz
2206 2212 16 40 en
2258 2212 66 40 direct
2354 2212 27 40 ont

1319 2242 48 35 déjà
1396 2242 16 35 pu
1449 2242 123 35 remarquer
1602 2241 0 35 —
1652 2241 59 35 Klaus
1748 2241 96 35 Blasquiz
1879 2241 32 35 est
1941 2241 10 35 le
1986 2241 101 35 chanteur
2119 2240 11 35 («
2167 2240 43 35 Tous
2248 2240 24 35 les
2306 2240 70 35 chants

1320 2268 15 37 et
1369 2268 76 37 vocaux
1481 2267 47 37 sont
1559 2267 19 37 en
1617 2267 91 37 Kobaia,
1739 2267 52 36 notre
1830 2266 68 37 propre
1940 2266 70 36 langue
2049 2266 13 35 »,
2093 2266 50 35 dixit
2174 2265 8 36 la
2221 2265 123 36 pochette).

1320 2295 93 40 possède
1446 2295 15 40 un
1497 2295 66 39 timbre
1599 2294 15 40 de
1650 2294 54 40 voix,
1731 2294 15 40 un
1779 2294 33 40 peu
1846 2294 66 39 voilé,
1939 2293 201 40 particulièrement
2167 2293 120 40 attachant.
2317 2293 60 39 Teddy

1319 2323 56 39 Lasry
1415 2323 14 39 et
1460 2323 84 38 Richard
1583 2322 65 39 Raux,
1679 2322 58 39 flûtes
1774 2322 17 38 et
1822 2322 154 38 saxophones,
2007 2321 109 38 comptent
2150 2321 65 38 parmi
2245 2321 26 38 les
2307 2321 70 37 jeunes

1319 2351 92 41 jazzmen
1445 2350 58 41 qu’on
1537 2349 95 42 voudrait
1664 2349 94 41 entendre
1796 2349 40 40 plus
1868 2348 100 40 souvent.
2000 2347 95 40 François
2129 2347 83 40 Cahen,
2238 2347 9 39 le
2284 2346 84 40 pianiste

1322 2377 0 36 a
1353 2376 101 37 peut-être
1485 2376 14 37 un
1533 2376 25 37 jeu
1589 2375 62 37 moins
1681 2375 43 37 sûr,
1746 2375 48 37 mais
1825 2374 30 38 son
1886 2374 87 38 toucher
2001 2374 31 38 est
2057 2373 90 39 original
2172 2373 17 38 et
2214 2373 9 38 il
2248 2372 34 39 fait
2307 2372 59 39 sonne

1321 2400 26 39 les
1382 2400 120 39 harmonies
1540 2400 57 39 d’une
1635 2400 54 39 façon
1726 2400 153 39 personnelle.
1910 2400 78 39 Claude
2025 2400 63 39 Engel
2120 2400 29 39 est
2180 2400 14 39 un
2232 2400 146 39 remarquaba

1322 2427 123 44 guitariste,
1482 2427 61 43 aussi
1583 2426 7 43 à
1629 2426 56 43 l’aise
1731 2426 15 42 et
1786 2426 86 42 inventif
1912 2426 31 41 sur
1983 2426 15 41 un
2044 2425 129 41 instrument
2210 2425 98 40 amplifié
2345 2425 34 39 qua

1323 2457 28 37 sur
1379 2457 31 37 une
1444 2456 76 38 guitare
1550 2456 76 38 sèche.
1654 2455 79 38 Francis
1764 2455 56 38 Moze
1853 2454 28 39 est
1907 2454 36 39 très
1974 2454 64 39 solide
2069 2453 9 40 à
2103 2453 8 40 la
2142 2453 76 39 basse.
2243 2452 51 40 Enfin
2327 2452 42 40 Alar

1323 2481 113 38 Charlery,
1465 2481 80 37 discret
1575 2481 8 37 à
1612 2481 8 37 la
1658 2481 107 37 trompette
1802 2480 59 37 (prise
1898 2480 16 37 de
1949 2480 32 37 son
2008 2480 21 36 7),
2059 2480 72 36 double
2168 2480 81 36 Vander
2281 2480 29 35 aux
2345 2480 29 35 pe¬

1325 2509 100 37 cussions
1458 2509 47 38 dans
1537 2509 92 39 certains
1661 2508 112 42 morceaux

1320 2547 240 35 Incontestablement,
1586 2547 10 36 le
1629 2547 73 36 groupe
1735 2547 0 36 a
1768 2547 71 36 réussi
1867 2547 8 36 à
1900 2547 81 36 trouver
2009 2547 15 36 un
2057 2547 31 36 son
2123 2547 99 37 différent
2250 2547 15 37 de
2298 2547 16 37 ce
2344 2547 30 37 c—»

1323 2571 32 41 l’on
1393 2571 71 41 entend
1502 2571 194 42 habituellement.
1728 2571 79 42 D’autre
1845 2571 42 42 part
1919 2571 9 42 la
1966 2571 105 42 précision
2110 2571 132 43 d’exécution
2280 2571 32 43 des
2350 2571 0 43 -

1320 2601 69 37 ficiles
1419 2601 158 37 compositions
1609 2601 16 37 de
1660 2601 79 37 Vander
1767 2601 63 37 donne
1861 2601 10 36 la
1901 2601 79 36 mesure
2013 2601 18 36 de
2061 2601 10 36 la
2102 2601 79 36 qualité
2206 2601 35 36 très
2274 2601 0 36 -
2302 2601 51 36 pror¬

1324 2626 105 37 sionnelle
1465 2626 0 37 »
1501 2626 15 37 du
1552 2625 84 39 travail.
1666 2625 60 39 C’est
1756 2625 48 39 cette
1840 2625 82 39 qualité
1952 2625 30 39 que
2018 2625 33 39 des
2084 2624 48 41 mois
2168 2624 75 41 entiers
2279 2624 15 41 de
2327 2624 42 41 ren¬

1326 2656 65 37 titions
1427 2656 30 37 ont
1487 2656 72 37 permis
1594 2655 14 38 au
1644 2655 74 38 groupe
1750 2655 127 38 d’atteindre
1909 2655 0 38 —
1956 2655 60 38 chose
2052 2654 55 39 hélas
2140 2654 35 39 trop
2211 2654 35 39 rare
2279 2654 47 39 chez
2367 2654 0 39 »

1321 2682 117 45 musiciens
1469 2682 90 45 français

1322 2718 22 37 Un
1380 2718 74 37 groupe
1489 2718 38 38 très
1563 2718 14 38 au
1615 2718 66 38 point,
1711 2718 30 38 qui
1771 2718 79 39 compte
1886 2719 16 38 de
1938 2719 60 38 fortes
2037 2719 161 39 individualités
2234 2719 13 39 et
2277 2719 31 39 qui
2346 2719 16 39 2—

1324 2748 32 38 une
1394 2748 90 38 musique
1522 2747 171 50 personne!ie...
1720 2747 105 50 amateurs
1859 2747 18 48 de
1908 2747 52 45 jazz,
1991 2747 56 48 voilà
2075 2746 31 43 une
2141 2746 101 49 occasion
2276 2746 18 45 de
2328 2746 28 47 so—

1324 2776 16 44 de
1378 2775 50 40 votre
1463 2774 67 44 ghetto

1325 2993 24 59 (1)
1373 2996 79 58 Philips
1480 2989 149 64 6395,001/002

2158 2845 124 70 Emmanuel
2307 2860 44 49 G==
