2480 3508
105 202 323 64 UN CÉRÉMONIAL

107 298 234 54 JAMES BROWN

111 344 719 49 au Palais des Sports de Saint-Ouen, le 26 février.

113 376 1078 54 Les journalistes de la presse quotidienne travaillent toujours dans la hâte

118 409 1073 48 et ont évalué à 7 ou 8000 le nombre des auditeurs qui se pressaient dans

111 436 1080 49 l’énorme enceinte du Palais des Sports de Saint-Ouen, dans la banlieue

116 471 141 43 parisienne

108 473 1091 67 En réalité, environ 10 000 personnes avaient payé leur entrée et approxima-

114 511 1073 59 tivement 2 000 resquilleurs avaient réussi à pénétrer de leur côté dans

116 553 127 43 l’enceinte

116 567 1073 54 James Brown est toujours un dieu pour les Noirs du monde entier et on

115 596 1076 51 peut évaluer que les quatre cinquièmes de la foule entassée dans l’énorme

115 623 1078 49 hall, étaient composés d’hommes (ou de femmes) de couleur, français (An¬

116 652 973 47 tillais, Guyannais, Réunionnais), Africains, Malgaches ou Américains

113 672 1078 52 Dès lors un show comme celui-ci échappe à tous les critères que l’on peut,

113 705 912 55 que l’on veut essayer d’appliquer à un concert de Jazz habitue

924 726 269 47 Pierre CRESSANT.

111 824 491 51 MATCHI OUL à la Gaité

113 906 602 50 Matchi Oul Big Band de Manuel Villaroel.

115 947 715 46 Théâtre de la Gaîté Montparnasse, samedi 10 mars.

118 993 1073 57 Il est agréable de constater que parfois les entreprises les plus folles

118 1027 1073 50 peuvent aboutir, contre marées et mascarets. Il y a dans la démarche de

115 1052 1074 45 Manuel sur scène quelque chose de l’enfant à la poursuite obstinée — e

118 1079 1073 47 apparemment dérisoire — de ses fantasmes, quelque chose qui libère..

116 1105 1077 48 Moins un jazz libre qu’un événement libérateur. On peut évidemment cher¬

118 1130 1075 54 cher à apporter une réflexion sur tel chorus, dire aux sourds ou aux absents

120 1159 1071 49 que lean Querlier est un drôle de petit oboiste, ou exprimer un sentiment

118 1186 1075 49 de gène face à la décoordination de la section rythmique. Ce serait je crois

118 1212 1073 50 refuser le jeu. En un sens. Manuel parvient indirectement, à travers une

118 1239 1075 51 obstination, application superbes, à établir véritablement un rapport musique)

120 1268 1073 45 auditeurs différent ; sans doute les spectateurs se seront déplacés si nom¬

118 1292 1077 48 breux parce qu’ils avaient, autant que les musiciens, autant que Manuel

120 1325 601 43 et sa femme (percussions), envie de jouer

945 1344 254 47 Laurent GODDET.

113 1424 844 63 JUNIOR WALKER, LES TEMPTATIONS à Plevyel

120 1514 1082 54 Autry Dewalt père - Junior Walker » (ts, vel) ; Vic Thomas (o) ; Arnold Lan¬

126 1545 1004 51 gly (9); Ronald Harville (f-b); Jerome Teasley, Autrey Dewalt fils (dr)

120 1572 1077 47 Damon Harris, Melvin Franklin, Otis Williams, Richard Street, Dennis Ed¬

122 1601 1071 47 wards (vel) ; Cornelius Grant (chef d’orch.) ; Bill Neale (9 solo) ; Eugene

122 1631 757 48 Smith (b-g); Mel Brown (dr) et orch. cuivres anglais.

120 1668 320 50 Salle Pleyel, 12 mars.

122 1709 1079 54 Au-delà de tout ce que cela peut véhiculer comme subjectivité extrêmement

122 1733 1074 53 suspecte, quand Maurice Cullaz parle de » truc » (« thing » ) - «  il a son

124 1755 1077 59 truc », etc. - cela véhicule effectivement quelque chose qui parle à l'inconsc-

126 1791 1073 46 cient. Quand Junior s’est le plus naturellement allongé sur le côté pour

122 1818 1079 50 continuer de souffler dans son saxe, et qu’immédiatement la salle s’est levée

126 1845 1075 45 comme un seul homme, il est bien évident que ce qui (se) passait était

124 1872 1077 51 d’ordre directement physique. Aussi, comment écrire sur quelque chose

128 1902 1071 41 d’aussi remuant que ce splendide - coîtus collectivus » auquelle nous

124 1927 1075 47 avons tous participé? Il y a un moment où tous les egos foutaient le

124 1954 1069 45 camps, s’envoyaient en l’air. Et comment signifier la différence entre co

124 1980 1071 48 délire collectif et l’élan fasciste que soulève une rencontre de catch

130 2007 1071 49 Le sommet de la jouissance, c’était bien sûr quand Walker passait du stade

124 2036 1077 45 de la parole (séduction) à celui de l’acte (emboucher son saxophone et jouer

128 2061 1071 45 avec ses » tripes x). Walker sait franchir en tous sens et avec une impu¬

130 2091 1072 43 deur croissante la frontière qui sépare le moi du ça et certes sa musique

126 2116 780 47 est essentielle : elle engendre un vertige fondamental.

128 2151 1069 45 The Temptations, c’est un spectacle de première qualité, mais on re

130 2180 1067 45 tombe dans des sphères beaucoup moins broûlantes. On se prend à écoute

128 2208 1071 44 les solistes (Bill Neale à la guitare qui à ce qu’il paraît empêche le même

128 2235 1073 47 Cullaz de dormir), on découvre tout à coup les caméras de télévision, l’uni-

128 2262 1073 43 vers redevient familier, et l’on éprouve un malin plaisir à voir ces pauvres

126 2289 1069 53 souffleurs anglais parqués au fond, encadrés et dirigés par les hommes de

126 2321 123 54 couleur.

947 2328 255 63 Laurent GODDET.

118 2428 307 60 LOU AU CENTRE

122 2517 782 45 13 mars, Centre Culturel Américain, 3, rue du Dragon.

120 2554 759 53 Lou Bennett (orgue); Hal Singer (ts); Al Jones (dm).

124 2592 1071 50 Pourquoi Lou Bennett est-il si mésestimé de la part d’une partie de le

124 2623 1075 46 critique et de la majorité des amateurs? Il serait bien Incapable de ré¬

126 2652 1076 47 pondre. Lou est de tous les organistes que le connais (et au même titre

126 2677 1076 47 que Rhoda Scott, Jackie Davis et Larry Young), celui qui techniquement

126 2705 1075 48 joue le mieux l’instrument. Sa technique des claviers est éblouissante. Mais

124 2732 1078 47 son jeu de pieds sur le pédalier est proprement ahurissant. Il est capable

130 2761 1072 43 d’improviser cinq. six, dix choruses en ne se servant que du pédalier et le

124 2786 1077 43 dirais (paraphrasant Anna-Magdalena Bach), qu’alors, les pieds de Lou

130 2816 700 46 - voltigent comme des oiseaux - sur le pédalier.

125 2835 1074 67 De plus Lou a une Imagination fantastique et, sous ses doigts et sous ses

119 2861 1080 68 pieds, naissent les séquences musicales les plus folles les plus auda

124 2911 334 43 cieuses, les plus funky.

126 2936 1076 53 Tous les musiciens de jazz raffolent de Lou, se régalent à l’écouter et le

124 2974 1077 42 respectent... tout simplement parce qu’il allie, à une technique impeccable.

130 3003 1071 43 une intuition musicale, une chaleur, une sensibilité, une imagination rares

122 3028 1080 41 Aussi, en première partie de ce concert, Lou, merveilleusement bien accom¬

130 3057 924 47 pagné par Al Jones, se donna à fond et emballa son auditoire.

126 3090 1078 47 En seconde partie, Hal Singer se joignit à Lou et au drummer, pour swin¬

128 3118 1074 50 guer le blues comme il sait le faire (d’où l’incroyable succès des disques

128 3149 1076 45 qu’il grava aux U.S.A. et, notamment, son « Corn Bread -), ou pour inter¬

128 3174 930 45 préter de superbes ballades avec une sensibilité toute Lesterienne

126 3200 1082 48 Hal est un musicien qui, dans la vie courante, allie avec bonheur lucidité,

126 3231 435 87 naturel, humour et intelligence

953 3250 259 72 Maurice CULLAZ.

1347 192 990 74 JIMMY LUNCEFORD REVIVAL

1347 266 990 115 SY QUIVER AND HIS ORCHESTRA

1707 381 266 65 (10 musiciens)

1353 463 982 92 SALLE DES GRÉSILLONS

1349 567 986 68 41. AVENUE DES GRÉSILLONS A GENNEVILLIERS

1351 762 984 77 TOUS RENSEIGNEMENTS AU 793.2163

1512 693 654 67 VENDREDI 27 à 20 h.A5

1698 631 284 68 Bus 139/140

1325 984 772 82 AMERICAN CENTER FOR

1331 1062 768 97 STUDENTS AND ARTISTS

1411 1153 872 49 261. Boulevard Raspail - 75014-PARIS —- Tél. : 033-99-92

1327 1303 1002 49 Jeudi le 5 avril KIRJUHEL (Chanson bretonne), 12, 10. 7 E.

1327 1354 1018 53 Vendredi le 6 avril : Herns DUPLAN avec les “BATUKI", groupe

1446 1221 788 69 CONCERTS, SPECTACLES à 21 h.

1327 1446 819 52 Vendredi le 13 avril : JOACHIM KUHN, 15, 12, 10 F.

1327 1494 928 67 Samedi le 14 avril : BARTHOLOMEW GRAY, 15, 12, 10 F.

1649 1393 704 51 expérimental d’art afro-brésilien, 15, 12, 10 F.

1327 1557 804 50 Dimanche le 15 avril : DAVE BURRELL, 15, 12, 10 F.

1456 2660 868 136 ANDOREN

1532 2825 630 94 ANCHES et BECS

1532 2931 634 62 POUR INSTRUMENTS DE MUSIQUE

1368 3024 963 103 56. Rue Lepic — PARIS (18e)

1542 3135 614 78 Tél. : MONtmartre 39-87

2341 3297 55 51 21
