2480 3508
149 248 640 284 KING

132 559 1012 103 garantit une amplification authenti¬

126 658 1036 105 quement fidèle de TOUT instrument

126 769 852 111 à vent, tant bois que cuivre.

120 1894 706 52 Pourquoi ne vous décideriez-vous

122 1939 712 52 pas, vous aussi, d’adopter la boîte

120 1982 636 56 d’octave KING OCTAVOICE ?

124 2030 1032 59 AUCUNE DISTORSION : Nombre de systèmes d’amplificotion fonctionnent

122 2071 1030 49 de manière suffisante sur instruments bois, mois ne peuvent satistoire les

122 2104 784 49 exigences des instruments cuivre. Il y a donc distorsion.

122 2130 1030 50 KING vous garantit une amplification fidèle, quel que soit votre instru¬

122 2163 811 50 ment à vent. Vous vous exprimerez sons aucune crainte.

122 2194 1032 47 KING OCTAVOICE vous rend fidèlement, scrupuleusement, minutieuse¬

122 2225 841 47 ment tout le cœur que vous aurez mis dons votre musique.

122 2256 1032 53 Le pickup KING VARI-LEVEL contribue à cette réponse, parce qu’il est

122 2286 650 48 tout simplement inégalé sur le marché mondial

122 2317 1032 47 La boîte d’octave KING OCTAVOICE (un modèle pour instruments bois

122 2350 1030 49 et un autre pour instruments cuivre) vous restitue les effets recherchés

122 2379 646 45 sur trois octaves et quatre tonalités différentes

124 2408 1028 47 AUCUNE CONTORSION : Réglage facile et instantané... une légère touche

124 2440 1024 42 du potentiomètre, directement monté sur l’instrument, suffit pour obtenir

122 2471 1024 46 toutes les variations de réglage du volume. Les dimensions réduites de

122 2502 1028 43 la boite OCTAVOICE vous permettent de la loger dons votre pochette

124 2535 490 41 ou de l’accrocher à votre ceinture

120 2558 1030 49 AUCUN PROBLEME DE MONTAGE : Les distributeurs KING sélection¬

122 2593 1030 43 nés ainsi que les Ets S.M.L. se tiennent à votre entière disposition pour

122 2627 642 41 équiper votre instrument, en quelques instants

120 2648 1032 47 AUCUN PROBLEME D’ACQUISITION : Le prix de l’apporeil OCTA¬

122 2683 1028 47 VOICE est très raisonnoble, si l’on considère ses étonnantes possibilités

124 2712 1024 51 (boite d’octave comprenant le VARI-LEVEL pickup, livré complet avec

122 2740 1026 48 tous les accessoires, vous permettant de jouer votre instrument norma¬

122 2775 1026 48 lement ou avec amplification) sa facilité d’utilisation et son universa¬

120 2806 667 49 lité d’emploi avec n’importe quel amplificoteur.

159 2862 960 67 KING MUSICAL INSTRUMENTS USA

495 2948 655 70 Importateur exclusif: KING

493 3046 659 74 Ets S. M. L. STRASSER-MARIGAUX

495 3122 659 72 144-146, Bd de la Villette-15019 PARIS

497 3190 341 72 Fél. 208.40.79

1304 173 444 125 concerts

1288 350 718 59 DEXTER GORDON - CHARLES TOLLIVER

1286 436 1092 47 Charles Tolliver (tp) ; John Hicks (p) ; Clint Houston (b) ; Clifford Barbaro

1286 467 80 49 (dm);

1286 498 1090 49 Dexter Gordon (ts) ; Georges Arvanitas (p) ; Alby Cullaz (b) ; Daniel Humair

1288 530 68 46 (dm).

1284 557 533 51 Maison de l'O.R.L.F., 11 février 1973.

1288 596 1084 51 En première partie le groupe de Charles Tolliver, trompettiste exigeant qui

1288 631 1084 41 déjoue avec musicalité les pièges d’un répertoire difficile (mélodies complexes.

1286 656 1082 43 mêtres inhabituels). Si Tolliver parut ce soir-là un peu sec et réservé, recou¬

1288 682 1082 46 rant parfois à quelques facilités, John Hicks fut juteux à souhait — dixit Jean

1284 709 1084 47 Delmas — pétrissant avec force et conviction un clavier intempérant. On le

1288 736 1078 45 savait depuis le dernier passage de Woody Herman en cette même salle

1288 763 1076 45 John Hicks est un sacré loulou. On peut se reporter au papier que lui

1288 791 1084 47 consacra alors A. Rado. Clifford Barbaro, jeune disciple de Tony Williams

1280 792 1080 73 dont il ne possède pas l'étonnant sens des couleurs et des nuances, et

1284 843 1086 45 Clint Houston, bassiste très contemporain dans sa façon de faire claquer

1284 873 1080 44 avec une folle vélocité ses cordes infortunées — reviendrait-on au slap de

1284 900 1086 49 grand-papa ! - formaient un tandem bien adapté à une musique vivace et

1282 923 108 45 chaude.

1282 953 1088 54 Les retrouvailles de Dexter Gordon avec Paris laissèrent un peu sur sa faim

1284 990 1080 42 un auditoire attentif où l’on comptait beaucoup de musiciens américains

1284 1015 1077 45 La cause en fut, j’en suis persuadé, une certaine incompatibilité rythmique

1284 1042 1084 47 deux feelings du tempo, deux timings s’affrontaient, le jeu tendu et nerveux

1288 1067 1076 43 de Daniel Humair — qui fait merveille en d’autres contextes — et la non¬

1286 1093 1078 49 chalance toute lestérienne de Gordon. Les basses rondes et pures d’Alby

1282 1118 1082 49 Cullaz convinrent mieux mais ne purent seules donner l’assise souhaitable

1284 1145 1080 49 Par la grâce d’Arvanitas et le charme de Dexter, séduisant balladeur et

1282 1175 1086 46 Billy Eckstine au petit pied dans un amusant blues lent, on passa cependant

1286 1204 1078 45 d’agréables moments en compagnie d’un maître à qui — il ne faut pas

1282 1229 1086 47 l’ignorer — le ténor moderne doit indirectement beaucoup.. D. Gordon devait

1284 1257 1082 54 quatre jours plus tard se produire à l’école normale rue Pompidou, ex-rue

1282 1284 82 43 d’Ulm

2103 1323 267 49 Claude CARRIERE.

1290 1393 1078 53 Quelques jours après. Dexter Gordon, accompagné, cette fois, par le trio

1288 1426 1076 49 régulier de Georges Arvanitas, donnait, en première partie, un autre concert,

1290 1453 848 43 très remarquable, à l’Ecole Normale Supérieure, rue d’Ulm

1286 1470 1079 58 En seconde partie Sonny Grey se joignait à l’orchestre

1292 1505 1071 53 enthousiasme unanime grâce à la profondeur et l'originalité de ses phrases

1288 1535 316 49 parfaitement articulées

1286 1563 1071 59 Dexter, Samson et Saudrais étaient en grande forme. Sonny surptit même

1292 1601 1062 56 ses plus anciens fans. Sonny a étonné tous les musiciens américains qui

1286 1625 829 54 ont eu la chance de l’entendre... de Carmel Jones à Dizzy

1292 1660 1069 53 Mais celui qui fut, peut-être, le plus inspiré, celui qui « Stole the Show »

1290 1693 1076 45 fut Georges Arvanitas ! C’est certes un musicien extrêmement régulier qui

1292 1722 1071 47 semble toujours jouer au sommet de sa forme. Mais ce soir-là Georges... !

2099 1757 269 57 Pierre CRESSANT.

1280 1837 652 49 LES RAXTONS N'EN FONT QU'UN

1280 1919 954 53 A propos d’un concert au Centre Culturel Américain le 17 février.

1278 1956 1092 57 Daniel Humair (dm) ; Anthony Braxton (as, sopranino, cl, cb-cl) ; Jean-Fran¬

1280 1985 513 49 çois Jenny-Clark, Guy Pedersen (b)

1278 2036 451 47 LEUR MUSIQUE EST METHODE

1282 2071 1084 51 Quels éléments structurants le constructivisme de Braxton nous fournit-il,

1284 2102 1079 45 pour donner une interprétation critique globale de ses deux facettes super¬

1280 2128 1086 50 ficiellement contradictoires ; celle où il rappelle les épisodes passés du

1284 2157 1082 43 jazz (bop, ballades), et celle que l’on qualifie improprement (et en contra¬

1280 2184 757 43 diction avec l’opinion de Braxton lui-même) de libre ?

1278 2211 1090 55 Remarquons en premier lieu que Braxton est l’un des seuls musiciens qui

1282 2245 1079 48 compose et improvise de manière réellement atonale. Chacun sait, en effet

1282 2274 1082 47 que le free-jazz, par exemple, est la plupart du temps une musique où la

1280 2297 687 51 tonique se fait entendre singulièrement souvent.

1278 2334 1090 49 Braxton, lui, distribue dans le temps les intervalles, de telle façon que nul

1280 2362 1081 46 pivot harmonique ne soit clairement perçu. De ce point de vue, il situe sa

1282 2389 1081 47 création dans un domaine strictement mélodique et horizontal, il adopte en

1280 2414 1088 45 avançant dans ses modes chaque fois renouvelés l’attitude de l’explorateur

1280 2441 921 55 découvrant avec prudence les énormités que dissimuie la forêt.

1280 2471 1086 48 Ce refus des structures verticales, de la répétition et de l’acquis, est phy¬

1280 2504 1086 45 siquement difficile à pratiquer dans l’improvisation, car il suppose que l’émis¬

1284 2533 1079 45 sion d’une note soit issue de choix, de refus, d’élections, plus nombreux que

1282 2556 1084 49 dans le cas d’un cheminement assis sur une structure harmonique verticale

1282 2588 149 44 et acquise

1282 2613 1082 55 C’est ce désir que rien ne soit laissé au compte de l’habitude, du savoir

1278 2648 1086 47 déjà faire, qui conduit Braxton à l’utilisation de tempi lents ou modérés

1278 2675 1086 43 quand il 'interprète ses propres compositions. Il faut remarquer que ce

1277 2703 768 46 point de vue rapproche Braxton de l’admirable Lacy.

1278 2736 1088 47 Comment se situe alors la seconde facette de Braxton, celle illustrée par

1280 2765 1084 47 son album Donna Lee, par le concert donné au Musée d’Art Moderne en

1280 2790 1036 53 1971 et enfin par sa dernière apparition au Centre Culturel Américain ?

1282 2823 1082 45 le crois qu’il faut d’abord éliminer l’hypothèse selon laquelle cette produc¬

1278 2853 1086 46 tion n’est pas représentative de Braxton et qu’elle est le compromis débile

1278 2882 1086 53 donné par un Braxton condescendant, comme concession au public, aux

1278 2909 470 43 producteurs, aux accompagnateurs

1317 2938 1046 55 est bien entendu que la spéculation créative est issue de compromis.

1278 2964 1086 52 Braxton est d’ailleurs un des seuls musiciens qui se soit exprimé lonquement

1302 3001 1064 45 ce sujet. Il précisait même dans le texte de la pochette de l’album Donna

1280 3024 1083 51 Lee que les autres membres de son groupe l’avaient conduit à abandonner

1280 3053 1083 47 son intention d’enregistrer quatre versions successives de You go to my head.

1280 3079 1083 48 Admettons donc que s’il subit en effet les tensions du domaine musical,

1278 3106 1086 43 tout au moins ces pressions ne s’exercent-elles pas sur le choix du réper¬

1278 3131 1083 53 toire » traditionnel » (bop...) que souvent, comme au Centre Culturel Améri¬

1280 3159 385 46 cain, il décide d’interpréter

1272 3174 1088 70 En réalité, la digestion des thèmes qui habitent sa mémoire et celle de ses

1278 3221 1093 82 audityrs est nécessaire à son désir de s'expliquer, à sa volonté d'être

1277 3246 91 57 lisible.

95 3297 55 51 18
