2480 3508
105 163 1079 59 A l’opposé de l’attitude qu’il adopte vis-à-vis de ses propres compositions

102 184 1088 70 Braxton interprète souvent les themes standards sur un tempo extrêmement

105 228 1085 52 rapide. Au point que l’on assiste en fait à une véritable remise en question

108 257 1079 49 du thème, à une mise en jeu du désir de Braxton d’interpréter le passé.

108 283 1082 50 Car il est plus important pour lui de nous signifier qu’il le joue, plutôt que

108 312 1082 47 de le jouer. Il est inutile de redonner ces informations qui sont déjà dans

102 324 1088 64 notre mémoire. Braxton les utilise donc uniquement pour se situer théâtrale¬

105 362 1085 50 ment vis-à-vis d’elles car, dans son art, les refus, la relation, le chemin.

105 391 1085 50 sont aussi signifiants que leur produit, et c’est ainsi qu’il est tenté, non

108 400 1088 67 pas seulement de faire sa musique, mais aussi de revivre sans cesse sa route

105 444 181 55 devant nous.

108 458 1073 71 Le vécu transitoire du fait musical est autant musique que son résultat. C'est

116 494 1071 64 dans cette dynamique de l'activité créatrice que Braxton vit les différences et

108 517 289 76 investit son énergie

105 570 400 70 LEUR MUSIQUE EST OBJET

105 610 1091 62 - Le son étant, dès l’origine, avertissement, signe, toute conception du réel

105 648 1082 50 qui l’intègre abolit forcément toute différence absolue entre nature et lan¬

105 675 1085 49 gage, donc entre matière et pensée... c’est pourquoi je déclare que la

105 701 1085 53 musique est un art réaliste... que la grammaire musicale est une grammaire

111 730 707 56 du réel, que les chants transforment la vie - (1).

105 751 1091 61 Le contact physique entre musicien et instrument est une donnée fondamen¬

111 789 1085 52 tale de la musique improvisée. La liaison buccale marque une différence qui

105 806 1085 62 me semble définitive entre les souffleurs et, par exemple, les planistes. Et

108 841 1085 53 pourtant, cette donnée est généralement inhibée au point qu’elle nous paraît

108 871 1085 52 masquée par des repères souvent bien moins importants (de style, de réper¬

108 900 108 53 toire...)

108 923 1088 62 C’est pour mieux nous assurer la présence de ce corps dont certain lui dis¬

111 961 1082 53 putent l’existence (Braxton Intellectuel et froid), qu'il le pousse au-delà de

119 988 1074 52 ce qu’il - convient - de faire. Alors n’est plus contradictoire le fait que cet

111 1002 1079 62 homme, qui plus que toute autre contrôle les étonnantes sonorités de ses

111 1037 1082 56 instruments (merveilleux début de seconde partie du concert, au sopranino et

116 1067 1077 49 à la clarinette contrebasse), balbutie souvent sur un tempo invivable, car

111 1081 1079 67 c’est dans le bafouillage qu’apparait la domination du corps sur le mot. les

111 1122 637 56 limites imposées par l’animal à l’expression

111 1148 1088 59 L’émission du son est vécue par la langue et le souffle avant de l’être

111 1183 1085 53 par l’oreille. Les règles de la sonorité sont aussi celles de l’articulation

111 1210 1085 52 verbale. Le son est signe, et, dans ses moments paroxitiques il devient

114 1239 1082 53 comme la parole (le cri), sondage, tentative faite par l’émetteur pour mesurer

111 1254 859 67 la portée spatiale de son propre discours sur les auditeurs

108 1303 740 73 LEUR MUSIQUE EST POIKILOTHERME STENOBIOTE

111 1344 1088 62 La dialectique de la vie et de l’échec était d’autant plus présente au cours

114 1382 1082 50 de ce concert (Centre Culturel Américain) que les rythmiciens accompagnant

116 1391 1085 67 Braxton ce Jour-là, étaient des plus implacables. Les rythmes binaires parfois

111 1423 1090 59 développés en première partie par Humair, ainsi que sa stricte précision.

111 1461 1085 50 étaient a ce point étrangers aux péoccupations de Braxton qu’elles lui four¬

114 1485 1085 55 nirent souvent l’occasion de ne pas avoir envie de Jouer. Leurs deux

114 1496 1087 70 domaines eurent peu souvent la possibilité de communiquer et il ne semble

111 1543 1012 53 pas que ni l’un ni l’autre ne prirent un réel plaisir a louer ensemble

114 1569 1082 59 En réalité, dès le début du concert, et malgré des interventions comm

111 1587 1090 70 des deux bassistes (Jenny-Clark et Pedersen), une cassure s’établit entre les

114 1631 722 55 deux duos Humair/Pedersen et Jenny-Clark/Braxton.

111 1654 1090 64 Jean-François Jenny-Clark s’est affirmé une fois de plus (et il faut regretter

116 1695 1080 50 que nous ayons relativement peu l’occasion de l’entendre) comme une des

114 1721 1085 50 voix de tout premier plan qu’il soit possible d’écouter à Paris. L’humour

111 1733 1090 64 avec lequel parfois au cours de ce concert il marqua des tempi très rapides

114 1777 1085 47 rappelait par moment la participation de Scott LaFaro au double quartet de

111 1789 1088 64 Ornette Coleman. Cela est d’autant plus remarquable que cette attitude de

116 1815 1088 67 la contrebasse véloce, subversive, féminine est quelque peu abandonnée au

114 1856 821 55 profit de ses vertus de solidité, d’assise, de permanence

116 1885 1088 61 Mais je crois que nous entendrons prochainement parler plus longuement de

116 1923 389 61 ce musicien dans Jazz Hot.

988 1932 213 82 Jean DELMAS.

111 1976 821 70 (1) Michel Butor, - Répertoire Il ». Edit. de Minuit, Paris

119 2113 381 67 O. R. T. F. - Sulle 105

122 2204 653 64 Le 17 février : Le Dharma Quintet Perception.

119 2250 568 62 Le 3 mars : Dino Cagnasso Big Band.

122 2291 1079 71 Bonne prestation du Dharma Quintet. Patricio Villaroel est décidément un

125 2338 1074 50 percussionniste fort inspiré et très habile dans le maniement des divers

125 2364 1074 50 instruments. Gérard Marais est (avec Joseph Dejean et Boni), un guitariste

131 2391 1068 52 qui utilise à merveille tous les effets électroniques actuels. Jeff Siccard et

122 2405 1074 65 Michel Gladieux font preuve d’une grande maîtrise instrumentale. Quant à

128 2432 1073 67 Jacques Rondreux il n’a cessé de programmer depuis qu’il est passé pro¬

125 2470 146 58 fessionnel.

125 2496 1079 67 Bonne prestation, aussi, de Perception avec Jeff Seffer dynamique et inspiré,

131 2540 994 47 Siegfried Kessler qui a retrouvé la grande forme. Didier Levallet qui

128 2554 1079 65 avec beaucoup de sensibilité et lean-My Truong au style original et au jeu

125 2572 252 76 très spectaculaire

125 2610 1079 73 Dino Cagnasso et ses hommes sont en progrès constants. Le grand or¬

128 2660 1073 49 chestre dirigé par Dino est devenu une des formations les plus intéressantes

131 2686 1062 47 et les plus originales du Vieux Continent. Le chef qui compose et arrange

128 2695 1071 67 la plus grande partie de son répertoire n’a cessé de perfectionner et d’affiner

131 2721 1070 70 son écriture. Les sections de cuivre - pètent le feu ». La rythmique avec

128 2765 1071 47 Caratini, Charlap (qui remplaçait Escoudé) et Christian Lété est remarquable

128 2794 1071 47 Les saxophones » chantent » moelleusement et chacun des membres de la

128 2815 1073 55 section peut s’exprimer, valablement, en solo. Michel Bos est d’ores et déjà

131 2847 1068 47 un des plus brillants trompettistes-solistes du Vieux Continent. Dans la sec¬

128 2873 1073 56 tion de trombones, Bolognesi règne d’une façon débonnaire et le jeune

131 2899 559 56 Fourquet est, déjà, un excellent soliste

128 2926 313 58 Un très bon orchestre

891 2929 313 82 Patrick CALLAGHAM.

116 3072 711 76 FRANCK WRIGHT QUARTET, rue d’Ulm

119 3171 676 73 Ecole Normale Supérieure, vendredi 23 février.

1696 268 257 147 REMO

1678 388 313 59 WEATHER KING

1649 423 366 85 DIPLOMAT BATTER

1737 467 184 79 MADE IN USA

1362 549 986 82 Un son d’une consistance claire, nette et percutante,

1321 608 1033 70 une solidité exceptionnelle, une méthode de fabrication

1321 660 1030 70 unique, un contrôle impitoyable de la qualité et, en

1321 710 1030 73 plus, ce » savoir-faire» particulier à REMO : voillà les

1321 760 1030 64 raisons qui ont déterminé le choix des peaux plas¬

1324 803 126 103 tques.

1678 1762 307 68 Danie! HUMAIR

1453 1797 778 85 jouant sur l'ensemble REMO ROTO SET.

1380 2107 985 91 DANIEL HUMAIR, comme tous les grands batteurs

1330 2177 1012 88 ufilise aussi les célèbres peaux REMO:"DIPLOMAT

1356 2253 328 73 AMBASSADOR"

1380 2353 971 87 Et bientôt les extraordinaires "CONTROLED SOUND"

1368 2429 79 82 CS"

1380 2531 985 85 Drummers, entrainez-vous en appartement avec les

1327 2607 1036 76 batteries silencieuses REMO : RPS 10, et avec les

1327 2669 454 90 pads: RT6, RT8, RT1O.

1705 2911 658 79 Importateur exclusif: REMO

1705 2990 663 85 EtS S.M.L. STRASSER-MARIGAUX

1707 3081 661 90 144-146, Bd de la Villette- 75019 PARIS

1710 3148 345 105 rél. 208.40.79

2342 3303 53 64 19
