2480 3175
121 390 96 75 D'UN
301 387 107 78 CLUB
482 394 16 71 à
549 387 259 78 l’AUTRE...

114 656 21 51 Au
169 655 150 51 living-room
360 655 0 47 :
388 654 90 48 rentrée
513 654 21 45 de
569 653 93 45 Michel
687 652 111 44 Sardaby

117 698 183 45 accompagné
345 697 35 43 par
428 696 93 46 Gilbert
566 694 93 45 Rovère
710 694 32 41 (b)
784 693 19 40 et

114 747 147 27 Jean-Louis
307 747 56 26 Viale
404 747 71 25 tam).
508 747 22 24 Sl
566 747 27 24 les
634 747 103 23 qualltes
779 747 21 22 de

115 767 93 40 Michel
240 766 54 41 sont
330 766 109 41 toujours
477 766 29 40 les
545 765 109 41 mêmes,
686 765 54 41 sens
779 765 19 41 du

114 806 81 38 blues,
226 805 85 38 poésie
353 804 19 38 du
412 803 103 39 clavier,
546 802 37 39 l’on
625 801 53 39 sent
712 801 36 39 que
791 800 8 39 le

112 841 34 39 trio
183 840 65 40 n’est
275 839 40 41 pas
349 839 46 40 bien
435 838 84 41 soudé
549 838 19 41 et
595 837 47 42 cela
679 837 46 41 nuit
752 836 10 42 à
789 836 10 42 la

115 877 108 40 musique
265 875 155 41 d’ensemble
461 874 47 40 qui,
538 873 94 40 compte
673 872 47 40 tenu
761 871 38 40 des

116 914 101 36 qualités
264 914 19 36 de
327 913 36 36 ces
410 912 52 37 trois
506 911 153 38 musiciens,
698 910 110 38 pourrait

117 948 39 39 être
199 946 36 42 des
278 941 158 48 meilleures.

117 1000 21 44 Au
174 998 136 45 Riverboat
337 998 0 42 :
364 997 84 42 débuts
485 996 45 41 d’un
566 995 96 41 quartet
689 995 40 38 qui
753 994 48 38 sera

116 1035 53 39 sans
222 1034 67 39 doute
339 1033 94 40 bientôt
478 1032 35 40 l’un
566 1031 38 40 des
651 1030 147 41 ensembles

112 1066 124 50 parisiens
273 1066 27 47 les
336 1065 51 46 plus
424 1064 170 46 intéressants
631 1064 0 42 :
661 1064 44 41 Jeff
735 1063 70 40 Seaf¬

115 1107 29 37 fer
181 1106 48 37 (ss,
261 1105 41 37 ts),
336 1103 120 39 Siegfried
502 1102 104 38 Kessler
643 1101 46 38 (p),
723 1100 80 38 Didier

113 1142 110 38 Levallet
254 1141 45 38 (b),
324 1140 51 39 Jean
414 1139 31 39 My
487 1138 84 40 Truong
611 1136 70 41 (dm).
709 1135 99 42 Malgré

113 1178 11 39 le
168 1177 104 39 manque
319 1176 19 39 de
382 1174 164 41 répétitions,
585 1174 35 39 ces
664 1172 137 40 musiciens

116 1215 16 35 se
172 1214 56 36 sont
265 1214 0 35 «
303 1212 157 37 trouvés»,
492 1212 16 36 se
554 1211 53 37 sont
644 1211 0 37 «
682 1210 75 38 sentis
799 1210 0 37 »

114 1247 223 42 immédiatement
369 1247 28 42 et,
425 1247 19 42 ne
482 1246 116 43 serait-ce
639 1245 53 44 qu’à
724 1245 16 44 ce
777 1245 32 44 ni¬

115 1284 74 40 veau,
224 1283 61 45 c’est
323 1283 20 34 un
388 1282 80 46 plaisir
507 1282 19 42 de
571 1281 29 42 les
642 1281 44 34 voir
725 1280 16 35 et
780 1280 19 35 de

113 1319 30 40 les
176 1318 118 40 entendre
332 1317 77 39 jouer.
436 1317 20 38 La
494 1316 120 39 cohésion
653 1316 19 37 du
710 1315 88 37 groupe

115 1356 36 37 est
186 1355 152 37 étonnante,
371 1354 109 36 affirmée
523 1353 38 36 par
597 1353 38 35 une
678 1353 30 34 foi
741 1352 64 35 com¬

114 1390 66 40 mune
215 1389 57 41 dans
306 1389 10 40 la
350 1387 113 42 musique
498 1386 66 43 qu’ils
598 1385 101 44 veulent
730 1384 80 44 créer,

116 1426 29 38 art
174 1425 106 39 original
303 1424 40 39 qui
369 1424 55 39 mêle
458 1423 12 39 la
504 1422 95 40 beauté
628 1422 17 39 et
673 1422 9 39 la
719 1421 87 40 pureté

117 1460 17 41 de
171 1459 84 41 chants
289 1458 164 41 folkloriques
488 1457 144 41 européens
666 1457 9 39 à
698 1457 11 39 la
744 1456 66 40 puis¬

118 1498 71 36 sance
236 1496 178 37 émotionnelle
461 1495 19 36 du
526 1494 44 37 jazz
614 1494 8 36 le
669 1493 46 37 plus
762 1492 47 37 mo¬

118 1532 86 37 derne.
236 1531 18 37 En
293 1531 81 37 outre,
403 1531 18 36 ce
460 1530 89 36 groupe
588 1530 94 36 permet
716 1529 8 36 à
755 1529 55 35 cha¬

117 1568 56 38 cune
213 1568 37 38 des
287 1565 188 41 individualités
512 1565 37 40 qui
577 1564 12 41 la
623 1563 123 42 compose
783 1562 19 43 de

116 1604 135 38 s’affirmer
284 1602 93 38 comme
413 1601 120 38 peut-être
572 1600 82 38 jamais
693 1599 55 38 elles
783 1598 20 38 ne

117 1637 119 42 l’avaient
268 1636 39 42 fait
342 1634 170 44 auparavant.
545 1634 0 43 A
586 1632 78 44 suivre
702 1632 19 44 de
763 1631 42 44 très

115 1676 90 43 près...

117 1721 19 46 Le
171 1721 109 45 passage
316 1720 19 44 au
370 1720 222 44 Chat-qui-pêche
627 1719 20 41 du
685 1719 119 41 quartette

120 1762 18 38 de
180 1760 117 39 Jean-Luc
339 1759 70 38 Ponty
451 1759 57 37 nous
548 1758 0 37 a
589 1757 86 38 permis
717 1757 18 36 de
779 1756 32 36 re¬

119 1796 97 40 trouver
251 1794 79 41 quatre
371 1793 39 41 des
448 1792 47 41 plus
536 1790 91 42 solides
668 1788 135 43 musiciens

118 1831 124 42 français.
273 1831 25 40 Un
338 1830 56 40 vent
425 1830 20 39 de
484 1829 39 39 pop
566 1828 84 39 souffle
692 1828 37 38 sur
763 1827 50 38 l’or¬

119 1868 114 42 chestre,
257 1867 85 42 depuis
374 1866 27 41 les
436 1864 168 43 expériences
636 1862 167 43 américaines

122 1905 18 37 de
181 1903 135 46 Jean-Luc.
351 1903 25 39 Ce
423 1902 37 44 qui
495 1901 63 35 n’est
595 1901 38 42 pas
674 1900 59 42 pour
771 1899 38 38 dé¬

119 1941 69 45 plaire
230 1940 39 43 aux
312 1939 51 42 trois
408 1937 78 41 autres
531 1937 0 38 :
567 1935 94 39 Michel
697 1933 111 38 Graillier

120 1977 19 39 en
180 1976 0 39 a
219 1975 90 40 profité
342 1974 57 39 pour
435 1973 98 39 troquer
569 1972 27 38 les
637 1971 85 38 pianos
761 1970 49 38 fati¬

120 2011 57 45 gués
224 2010 37 46 des
304 2009 67 44 clubs
414 2008 124 46 parisiens
584 2006 77 47 contre
708 2006 20 43 un
775 2005 36 38 su¬

120 2045 67 43 perbe
223 2044 64 42 engin
319 2041 156 44 électrique.
499 2040 73 42 Henri
602 2039 76 41 Texier
707 2038 18 41 et
751 2037 50 41 Aldo

120 2078 106 49 Romano
265 2076 115 49 donnent
409 2076 27 46 ici
469 2075 16 46 un
524 2073 204 47 prolongement
761 2072 6 45 à
797 2072 10 44 la

120 2116 112 45 musique
284 2115 65 45 qu’ils
399 2114 39 39 ont
481 2112 81 47 choisi
605 2111 16 46 de
674 2110 65 46 jouer
785 2109 20 42 en

121 2150 109 40 formant
267 2149 9 39 le
322 2148 89 40 groupe
457 2147 0 40 «
506 2146 63 40 Total
603 2144 110 41 lssue»
756 2143 54 41 dont

123 2188 57 41 nous
217 2187 76 42 avons
331 2186 66 43 parlé
429 2186 9 43 le
479 2186 57 43 mois
574 2185 107 44 dernier.

122 2233 19 45 Le
175 2233 141 44 Slow-Club
353 2233 117 43 présente
503 2234 160 40 maintenant
691 2234 9 38 à
725 2234 9 38 la
768 2234 37 38 fois

120 2275 11 39 le
169 2274 129 39 Quartette
337 2274 19 38 de
397 2273 90 38 Claude
526 2272 68 38 Luter
627 2272 17 37 et
677 2272 27 36 les
742 2271 72 37 New¬

122 2311 102 42 Orleans
261 2310 126 42 stompers
424 2309 18 42 de
479 2309 62 42 Marc
581 2307 163 43 Lafferrière.

122 2363 62 46 Paris
230 2362 121 44 s’habitue
400 2362 37 44 peu
486 2361 9 41 à
532 2361 39 46 peu
617 2361 9 44 à
666 2360 46 41 voir
751 2360 56 45 sans

122 2400 70 37 cesse
235 2399 37 37 des
309 2399 136 37 musiciens
486 2398 18 37 de
544 2398 75 37 talent
651 2397 86 38 hanter
771 2397 35 37 ses

123 2434 71 38 caves
238 2434 54 38 avec
338 2433 38 39 une
422 2432 115 40 agréable
580 2431 130 40 réularité.
744 2430 64 41 Nous

123 2470 75 36 avons
242 2470 119 35 retrouvé
401 2469 84 35 Burton
530 2469 19 35 au
597 2468 61 35 Gill’s
703 2468 17 35 en
770 2467 37 35 duo

124 2506 53 35 avec
223 2506 17 35 un
286 2505 127 35 excellent
451 2505 109 35 bassiste
606 2504 137 35 hollandais
789 2504 0 34 —

123 2543 20 41 La
179 2542 110 41 musique
328 2541 20 40 de
384 2540 85 41 Burton
503 2540 0 39 —
562 2540 36 38 que
637 2539 90 38 Gérard
770 2538 47 38 Ter¬

122 2576 60 41 roné
215 2575 140 41 enregistra
393 2574 19 39 en
453 2573 77 39 direct
563 2573 0 38 —
623 2572 63 38 s’est
719 2571 88 37 épurée

126 2612 17 37 et
179 2611 61 38 s’est
279 2611 91 38 réduite
414 2610 9 39 à
458 2609 159 40 l’essentiel,
652 2609 18 40 et
705 2608 39 41 elle
788 2608 17 41 ne

124 2648 89 38 souffre
254 2648 37 37 pas
330 2647 18 37 de
390 2646 128 37 l’absence
559 2645 47 37 d’un
645 2644 170 37 percussion¬

125 2685 72 36 niste.
234 2684 52 36 Cela
329 2683 75 37 posé,
438 2683 20 37 on
499 2682 54 37 aime
599 2681 17 38 ou
662 2680 17 39 on
725 2679 81 39 n’aime

125 2719 38 44 pas
212 2718 86 46 Burton
353 2717 112 45 Greene.
510 2716 245 42 Personnellement
799 2716 10 35 je

123 2754 135 38 considère
300 2753 39 38 que
384 2752 62 38 c’est
482 2751 20 39 un
544 2750 103 40 pianiste
692 2748 115 41 agréable

122 2790 20 41 et
168 2789 19 42 un
220 2788 177 43 compositeur
427 2787 171 44 intéressant,
624 2786 72 45 même
732 2785 17 46 si
771 2785 40 46 l’on

124 2825 56 43 peut
212 2824 27 43 lui
271 2824 150 43 reprocher,
451 2823 53 42 avec
545 2823 85 41 Gérald
672 2822 147 41 Merceron,

127 2861 20 41 de
193 2859 102 48 loucher
334 2859 20 40 un
400 2858 36 41 peu
482 2857 42 42 trop
574 2857 49 42 vers
669 2856 49 43 Bela
764 2855 56 44 Bar¬

124 2896 52 46 tOK.

128 3031 25 54 40

519 2971 72 56 Pierre
637 2966 185 62 CRESSANT.

1007 211 445 159 GABARETS

923 452 177 43 CALAVADOS,
1130 451 31 43 40,
1191 450 73 44 avenue
1301 448 240 45 Pierre-ler-de-Serbie

925 485 87 40 Paris-8e
1033 484 133 40 (225-95-38).
1193 483 42 41 Tous
1265 483 24 40 les
1316 482 51 41 soirs
1397 482 0 41 :
1419 482 27 41 Joe
1479 481 69 41 Turner

924 579 98 40 CAVEAU
1061 578 19 39 DE
1112 578 20 38 LA
1164 576 151 39 HUCHETTE,
1337 575 16 38 5,
1378 575 25 38 rue
1435 574 17 38 de
1482 574 8 37 la
1523 573 36 38 Hu¬

923 609 80 34 chette,
1033 608 84 34 Paris-5e
1148 608 72 32 (DAN,
1246 607 72 32 65-05).
1346 605 178 33 Consommation

925 633 0 42 9
956 633 15 41 F.
999 632 55 42 T.L.s.
1077 632 17 41 de
1123 632 17 40 21
1166 631 0 40 h
1194 631 15 40 30
1238 631 5 39 à
1269 631 0 39 1
1295 631 0 39 h
1326 630 29 39 30,
1378 630 86 38 matinée
1496 629 8 38 le
1536 629 20 37 di¬

924 662 82 43 manche
1035 662 9 42 à
1065 661 11 42 15
1103 661 15 42 h.
1141 661 0 42 :
1165 660 49 42 Dany
1244 659 70 42 Doriz.
1335 659 53 41 Dim.
1411 658 12 42 15
1449 658 18 41 h.
1488 658 0 41 :
1511 657 47 42 Ray¬

923 693 56 39 mond
1011 693 111 39 Fonseque

924 777 96 43 CAVEAU
1052 776 21 44 DE
1098 776 18 44 LA
1148 773 163 48 MONTAGNE,
1333 772 25 49 18,
1375 771 29 50 rue
1429 769 117 52 Descartes

926 813 87 33 Paris-5e
1043 813 73 31 (ODE.
1146 813 72 30 82-39).
1249 813 191 29 Consommation.

923 838 69 40 Jeudi,
1011 836 104 40 vendredi
1134 836 14 38 et
1170 834 85 40 samedi
1274 834 17 38 de
1316 833 13 38 22
1354 833 0 37 h
1382 832 5 38 à
1406 832 0 38 2
1431 831 16 38 h.
1467 830 91 39 Orches¬

924 866 21 37 tre
975 862 229 42 Nouvelle-Orléans.

926 947 64 47 CHAT
1019 947 46 47 QUI
1090 947 92 46 PECHE,
1207 948 14 45 4,
1246 948 25 44 rue
1303 949 15 43 de
1350 949 10 43 la
1389 949 117 43 Huchette,
1531 950 29 41 Pa¬

925 986 54 37 ris-5e
1004 985 73 37 (DAN.
1099 984 73 38 23-06).
1195 982 180 39 Consommation
1406 982 0 38 :
1428 981 11 39 15
1470 981 14 39 F.
1510 980 45 39 Tous

925 1013 25 41 les
978 1012 52 41 soirs
1058 1011 43 41 sauf
1126 1010 107 42 mercredi
1255 1009 15 41 de
1301 1008 12 42 22
1341 1008 0 41 h
1372 1007 6 42 à
1400 1007 0 42 3
1427 1007 16 41 h.
1468 1006 27 42 Art
1520 1005 38 42 Far¬

924 1038 39 40 mer
989 1038 17 40 et
1029 1038 9 41 le
1074 1037 33 43 Trio
1137 1037 23 44 G.
1186 1037 108 46 Arvanitas

926 1130 17 41 LA
979 1128 107 42 CIGALE,
1114 1127 39 41 124,
1179 1126 112 40 boulevard
1325 1124 176 40 Rochechouart,
1530 1123 30 38 Pa¬

925 1161 69 38 ris-182
1021 1160 80 38 (MON.
1125 1158 74 39 59-29).
1227 1155 249 41 Consommations:»

952 1187 17 40 F.
995 1187 43 40 Tous
1064 1187 26 39 les
1119 1186 49 40 soirs
1194 1186 46 40 sauf
1260 1186 57 39 jeudi
1340 1186 15 39 de
1383 1186 15 39 21
1424 1185 0 40 h
1450 1185 14 40 30
1493 1185 6 39 à
1519 1185 0 39 2
1545 1185 0 39 h

926 1213 113 40 Orchestre
1070 1213 17 41 Al
1113 1213 74 42 Lirvat.

922 1296 146 54 ECUSSON,
1099 1297 27 52 13,
1156 1302 27 41 rue
1221 1302 141 45 Tiquetonne,
1392 1290 92 52 Paris-2e
1511 1299 51 40 (236-

926 1332 71 43 57-46).
1029 1331 175 43 Consommation
1242 1331 0 40 :
1273 1331 9 40 10
1319 1330 15 41 F.
1368 1330 43 40 Tous
1446 1329 26 40 les
1503 1329 52 40 soirs

928 1361 42 37 sauf
994 1360 57 38 lundi
1072 1360 15 38 de
1117 1359 12 39 22
1156 1359 0 39 h
1183 1359 9 39 à
1213 1359 0 39 2
1237 1358 19 40 h.
1277 1357 93 40 Mezzrow
1406 1357 12 40 et
1442 1357 9 40 le
1481 1356 78 41 quartet

928 1386 83 42 Gilbert
1034 1388 48 42 Rost

925 1471 18 49 LE
981 1471 90 49 GIBUS,
1105 1471 26 48 18,
1161 1471 26 47 rue
1221 1472 18 46 du
1277 1472 101 46 Faubourg
1416 1471 15 46 du
1471 1463 76 54 Temple

928 1510 113 35 Paris-11e.
1071 1509 44 36 Tous
1148 1509 24 35 les
1205 1508 69 36 jeudis
1307 1508 17 36 de
1356 1507 14 37 23
1403 1507 0 36 h
1436 1507 14 36 30
1483 1506 8 37 à
1516 1506 0 37 3
1549 1506 0 37 h

928 1534 28 39 Big
990 1534 49 40 Band
1076 1534 43 40 Yvan
1150 1534 83 41 Jullien.

927 1622 75 44 GILL'S
1040 1619 75 46 CLUB,
1146 1620 13 44 7,
1183 1620 27 44 rue
1244 1620 150 43 Sainte-Croix
1425 1621 17 41 de
1476 1622 7 40 la
1517 1622 45 39 Bre¬

928 1657 107 36 tonnerie,
1056 1656 86 36 Paris-4e
1163 1655 70 36 (LOU.
1252 1654 74 37 05-95).
1345 1652 193 38 Consommations

930 1682 12 39 12
969 1682 15 39 F.
1008 1681 103 40 Etudiants
1141 1681 0 40 :
1165 1681 9 40 10
1204 1681 15 40 F.
1240 1681 109 40 Vendredi
1370 1680 39 41 soir
1433 1680 0 41 :
1454 1680 25 41 Jam
1515 1680 45 41 Ses¬

929 1710 55 38 sions
1012 1709 45 38 avec
1088 1709 8 37 le
1127 1709 81 37 quartet
1232 1708 15 37 de
1281 1708 50 37 Alain
1362 1708 73 36 Labib.
1459 1707 101 36 Alto-sax.

928 1738 88 36 Samedi
1043 1737 38 37 soir
1108 1737 0 36 :
1134 1735 89 38 Quartet
1247 1734 79 39 Michel
1353 1733 82 40 Edelin.
1459 1732 59 40 Flûte.

930 1769 70 42 Fermé
1023 1769 17 41 du
1069 1768 106 41 dimanche
1207 1768 15 40 au
1250 1767 55 40 jeudi
1328 1767 49 40 soir.

927 1852 77 45 HOTEL
1039 1852 115 45 HYLTON,
1182 1852 28 45 18,
1234 1852 31 45 av.
1293 1853 14 43 de
1342 1853 94 43 Suffren,
1464 1853 99 43 Paris-15e

930 1888 129 38 (273-92-00).
1089 1887 44 38 Tous
1163 1886 23 39 les
1216 1886 50 39 soirs
1295 1885 44 40 sauf
1366 1884 65 41 lundi.
1454 1883 106 41 Stéphane

929 1915 114 42 Grappelli
1064 1913 99 44 Quintet.

929 2008 63 36 LAPIN
1043 2007 100 38 ROUGE,
1176 2006 15 39 4,
1224 2006 24 39 rue
1287 2005 18 40 du
1344 2004 91 42 Rocher,
1468 2003 97 43 Paris-8e,

932 2037 56 35 LAB,
1007 2036 64 36 61-71.
1092 2035 203 36 Consommation:
1316 2034 14 37 20
1357 2034 0 37 F
1383 2034 80 37 S.N.C.
1482 2033 62 37 Diner

932 2060 12 44 50
971 2060 0 44 F
998 2060 78 43 S.N.C.
1100 2060 54 43 T.l.s.
1172 2060 18 42 de
1214 2060 18 42 21
1254 2060 0 41 h
1278 2060 15 41 30
1317 2060 9 41 à
1344 2060 63 41 l’aube
1434 2060 0 40 :
1455 2060 30 40 Les
1512 2060 51 39 Hari¬

930 2091 40 41 cots
998 2091 96 41 Rouges.

932 2177 76 38 LIVING
1052 2175 88 39 ROOM,
1170 2174 29 39 25,
1228 2173 33 40 av.
1290 2173 15 40 du
1343 2171 103 41 Colisée,
1475 2169 88 43 Paris-8e

933 2209 60 38 (ELY,
1013 2208 72 39 25-29).
1105 2207 179 39 Consommation
1313 2206 11 40 15
1353 2206 14 40 F.
1390 2205 43 41 Tous
1462 2205 23 40 les
1511 2204 49 41 soirs

931 2234 45 39 sauf
1001 2233 109 40 dimanche
1142 2233 16 39 de
1191 2233 12 39 22
1232 2233 0 39 h
1264 2232 10 40 à
1296 2232 0 40 4
1325 2232 16 40 h.
1367 2232 51 40 Alice
1450 2231 45 40 Barr
1524 2231 32 40 Trio

930 2264 14 41 et
975 2264 59 41 Aaron
1068 2265 112 39 Bridgers.

931 2353 162 40 RIVERBOAT,
1120 2352 28 39 67,
1175 2352 28 38 rue
1236 2349 271 41 Saint-André-des-Arts,
1535 2349 28 37 Pa¬

932 2383 58 38 ris-6e
1014 2383 55 38 (sans
1100 2381 137 39 téléphone).
1262 2380 192 39 Consommations
1487 2380 0 38 :
1512 2379 11 39 12
1553 2379 0 39 F

931 2413 136 35 Etudiants:
1093 2413 10 35 10

933 2443 118 44 Mercredi,
1078 2442 54 43 jeudi
1159 2442 0 42 :
1186 2441 91 43 Quartet
1304 2440 75 43 Claude
1412 2439 103 43 Guiltrot.
1539 2439 30 41 Vi¬

930 2474 105 41 braphone

936 2505 131 44 Vendredi:
1094 2505 85 44 Quintet
1205 2504 89 46 Mowgli
1317 2504 79 46 Jospir.

933 2542 114 41 Samedi:
1069 2542 58 41 lrakli
1149 2541 40 43 Jazz
1216 2541 53 43 Band

937 2575 70 49 Fermé
1033 2575 125 49 dimanche,
1184 2575 62 49 lundi,
1272 2575 66 49 mardi
1364 2575 63 49 soirs.

935 2667 56 44 SLOW
1048 2667 78 44 CLUB,
1161 2667 43 43 130,
1239 2667 25 43 rue
1307 2667 17 43 de
1353 2667 78 43 Rivoli,
1466 2667 99 42 Paris-1er

935 2702 69 40 (GUT.
1024 2701 74 40 84-30).
1118 2700 196 41 Consommations
1339 2699 0 40 :
1362 2699 12 40 18
1403 2699 14 39 et
1437 2699 14 39 20
1480 2698 14 40 F.
1517 2698 46 39 Tous

935 2730 26 35 les
986 2729 49 36 soirs
1061 2729 46 36 sauf
1127 2728 58 37 lundi
1205 2728 14 37 de
1245 2727 17 38 21
1285 2727 0 37 h
1311 2727 15 37 30
1349 2727 8 37 à
1377 2726 0 38 1
1400 2726 0 38 h
1426 2726 29 38 30.
1475 2725 86 39 Matinée

935 2755 109 40 dimanche
1073 2755 12 40 15
1114 2755 15 40 h.
1153 2754 114 41 Orchestre
1297 2754 50 40 Marc
1376 2753 124 41 Laferrière.

938 2830 66 43 TROIS
1046 2827 135 46 MAILLETZ,
1212 2826 32 47 56,
1275 2826 24 47 rue
1341 2824 108 49 Galande,
1480 2822 73 51 Paris-5

935 2862 72 41 (ODE.
1031 2861 75 42 00-79).
1133 2860 211 43 Consommation:
1371 2860 12 33 20
1416 2860 18 35 F.
1464 2859 42 38 Tous
1539 2859 24 40 les

937 2887 50 39 soirs
1014 2887 46 38 sauf
1084 2887 56 38 lundi
1161 2887 16 37 de
1207 2887 13 37 22
1247 2887 0 36 h
1276 2887 8 36 à
1305 2887 0 36 2
1332 2887 16 36 h.
1372 2887 112 36 Orchestre
1514 2887 53 34 Jean¬

936 2913 63 37 Pierre
1035 2913 94 38 Sasson.
1159 2913 111 39 Attraction
1306 2913 0 39 :
1333 2913 103 40 Memphis
1472 2913 33 41 Slim
1550 2913 15 41 ou

937 2940 36 43 Bill
996 2941 101 43 Coleman

1677 376 117 47 JEAN-LUC
1830 375 81 48 PONTY
1947 374 18 49 AU
2004 374 64 49 CHAT
2100 373 43 50 QUI
2171 372 75 51 PECHE

1679 460 77 44 Grosse
1784 460 101 44 affluence
1912 460 49 44 pour
1982 460 87 44 écouter
2093 460 73 44 Ponty,
2187 460 98 44 Grallier,
2305 460 60 44 Aldo,

1679 491 68 38 Texier
1778 491 15 38 et
1821 490 114 39 Locatelli.
1959 489 16 40 Le
2011 489 50 41 Chat
2088 488 53 42 avait
2168 487 34 43 fait
2227 487 9 43 le
2270 486 64 44 plein,
2359 509 0 0 à

1678 520 24 35 tel
1733 519 57 36 point
1820 519 30 36 que
1889 519 25 35 les
1946 518 85 36 intérêts
2067 518 14 36 du
2116 517 118 37 commerce
2270 516 16 37 et
2317 516 44 37 ceux

1678 546 18 34 de
1730 545 9 35 la
1773 545 92 36 musique
1899 544 55 37 étant
1983 543 45 38 pour
2060 543 29 38 une
2123 542 35 39 fois
2192 542 52 40 unis,
2272 541 87 41 Edmond

1676 576 34 34 tint
1744 576 8 34 à
1786 576 112 34 prolonger
1935 576 8 34 le
1984 576 92 34 passage
2115 576 16 34 de
2170 576 96 34 Jean-Luc
2305 576 55 34 d’une

1678 599 62 37 bonne
1774 598 107 37 semaine.
1909 598 53 36 Ceci
1985 598 50 36 nous
2066 598 55 35 valut
2147 597 101 36 quelques
2282 597 83 35 chaleu¬

1679 626 70 37 reuses
1780 626 50 37 nuits
1861 625 98 37 blanches
1993 625 14 37 et
2032 623 126 39 bleu-fumée
2192 623 14 38 de
2237 622 115 39 cigarettes

1678 653 133 36 L’ambiance
1845 653 29 37 est
1903 652 135 38 stimulante,
2066 652 23 38 les
2124 651 106 40 auditeurs
2262 650 103 41 attentifs,

1678 679 34 37 tête
1751 679 93 37 penchée
1883 679 14 37 en
1937 679 70 37 avant,
2038 679 93 37 sourires
2167 679 110 37 fraternels
2316 679 0 37 :
2347 679 14 37 Ça

1679 707 48 37 crie,
1754 706 15 38 ça
1802 706 12 38 se
1847 705 102 39 balance.
1976 704 46 40 Leur
2052 704 93 40 musique
2175 703 42 41 (pop
2253 703 15 41 ou
2301 702 60 42 jazz»

1679 733 35 37 grrr
1735 733 9 37 !)
1770 732 30 38 est
1829 732 138 38 séduisante,
1997 731 112 39 prenante,
2135 731 71 38 aisée.
2230 730 14 39 Le
2280 730 82 39 schéma

1680 759 79 36 tension
1774 759 94 37 /détente
1906 758 24 38 n’a
1965 758 35 38 rien
2039 758 44 38 chez
2118 757 29 39 eux
2180 756 135 41 d’artificiel,
2344 756 15 41 de

1678 787 84 43 gratuit,
1790 787 9 40 il
1825 787 29 40 est
1882 786 87 40 quelque
2003 785 60 38 chose
2098 785 14 36 de
2147 784 89 36 naturel,
2262 784 17 34 de
2311 783 54 34 char¬

1678 814 41 39 nel,
1749 814 14 38 de
1801 813 139 39 nécessaire,
1970 813 39 38 élan
2044 812 50 38 vital
2121 812 16 38 et
2168 812 30 37 non
2233 811 126 38 convention

1680 1001 214 46 RETROUVAILLES
1930 1000 19 46 AU
1992 998 73 47 GIBUS

1681 1097 16 42 Le
1734 1096 58 43 grand
1829 1095 108 43 orchestre
1974 1094 65 43 d’Ivan
2075 1093 71 43 Jullien
2180 1092 43 43 (qui
2254 1092 40 43 doit
2328 1091 40 43 pro¬

1681 1127 138 37 chainement
1850 1126 111 38 reprendre
1997 1126 15 38 au
2048 1125 0 40 «
2084 1125 63 40 Gibus
2183 1124 16 41 »,
2229 1124 27 41 18,
2283 1123 27 42 rue
2346 1123 15 42 du

1680 1156 98 36 faubourg
1815 1156 14 36 du
1871 1155 90 37 Temple)
1989 1155 106 37 terminait
2126 1154 132 38 récemment
2286 1153 17 39 un
2339 1153 31 39 en¬

1682 1186 115 34 gagement
1824 1185 16 34 de
1872 1184 46 35 deux
1950 1184 61 35 mois,
2038 1183 64 35 tandis
2134 1182 54 36 qu’au
2225 1181 78 37 T.N.P.,
2327 1180 40 37 pre¬

1680 1210 40 38 nait
1743 1209 17 39 fin
1792 1209 9 39 la
1832 1209 49 39 série
1913 1209 14 39 de
1959 1208 95 40 concerts
2083 1207 112 41 organisés
2227 1207 29 41 par
2285 1206 77 42 George

1682 1236 50 41 Wein
1764 1236 16 41 et
1808 1236 82 42 Simone
1922 1236 82 42 Ginibre

1682 1273 44 35 Vers
1757 1272 32 36 une
1820 1272 58 37 heure
1907 1272 17 37 du
1956 1271 72 38 matin,
2051 1271 49 38 cette
2131 1271 40 38 nuit
2194 1271 26 39 là,
2243 1270 9 40 il
2278 1270 0 40 y
2307 1270 60 40 avait,

1680 1299 14 38 au
1730 1299 0 38 «
1759 1299 62 38 Gibus
1853 1299 12 38 »,
1892 1299 14 38 en
1942 1299 38 38 plus
2012 1298 56 39 d’une
2097 1298 53 39 foule
2183 1298 59 39 dense
2277 1298 15 39 de
2324 1298 38 39 fans

1680 1342 16 25 et
1723 1342 0 25 d
1746 1342 105 24 amateurs
1883 1342 15 23 de
1928 1342 55 23 Jazz,
2008 1342 30 22 une
2071 1342 94 22 centaine
2197 1342 16 20 de
2246 1342 115 20 musicienis

1682 1353 176 38 professionnels
1887 1352 89 38 français
2005 1351 43 39 et...
2074 1350 86 40 Charles
2189 1350 95 40 Mingus,
2307 1349 57 40 Dizzy

1682 1380 118 34 Gillespie,
1840 1380 84 35 Charles
1966 1379 39 36 Mac
2050 1378 104 37 Pherson,
2191 1378 68 38 Bobby
2301 1377 56 39 Jones

1682 1407 65 35 Danny
1786 1406 126 36 Richmond,
1942 1406 41 36 Jaki
2016 1405 74 37 Byard,
2123 1405 44 37 Billy
2205 1404 99 38 Preston,
2334 1404 36 38 Nat

1683 1432 61 37 Peck,
1771 1432 29 37 Art
1827 1431 91 39 Farmer,
1944 1431 65 39 Benny
2042 1431 82 39 Bailey,
2150 1430 68 41 ldress
2250 1430 118 41 Sulieman,

1683 1460 66 39 Dusko
1792 1459 123 40 Goykovic,
1951 1458 45 41 Billy
2039 1457 108 42 Mitchell,
2180 1457 60 42 Sahib
2283 1456 87 43 Shihab,

1682 1487 63 38 Jimmy
1783 1487 91 37 Woode,
1907 1486 58 37 Dizzy
2000 1485 83 37 Reece,
2113 1485 41 36 John
2192 1483 108 37 Gilmore,
2330 1483 38 35 Fer¬

1682 1514 61 38 nando
1774 1512 98 39 Martins,
1898 1511 110 40 Humberto
2039 1509 61 41 Canto
2131 1509 18 40 et
2172 1507 92 42 d’autres
2292 1506 72 42 encore

1682 1541 42 35 qui,
1755 1540 87 36 jusqu’à
1870 1539 67 37 quatre
1974 1538 73 38 heures
2086 1538 14 38 du
2139 1537 70 39 matin,
2243 1536 126 40 écoutèrent

1682 1567 139 38 l’orchestre,
1847 1567 45 36 sans
1925 1566 79 36 donner
2032 1566 8 35 le
2073 1565 88 36 moindre
2194 1565 56 35 signe
2283 1564 15 35 de
2331 1564 38 34 las¬

1680 1595 79 38 situde.
1784 1594 44 38 Tous
1852 1593 66 39 furent
1940 1593 63 38 d’avis
2028 1592 49 38 qu’il
2096 1591 115 39 s’agissait
2233 1590 14 39 là
2266 1590 41 39 d’un
2332 1589 30 39 des

1683 1621 105 38 meilleurs
1827 1620 120 38 orchestres
1988 1619 59 39 qu’ils
2085 1618 82 39 avaient
2203 1617 126 40 entendus!
2361 1617 0 39 I

1682 1649 30 35 est
1745 1648 57 36 assez
1838 1646 148 38 réconfortant
2019 1646 17 37 de
2071 1645 41 38 voir
2143 1644 54 39 qu’un
2236 1644 35 38 très
2307 1643 58 39 grand

1682 1673 38 39 club
1754 1673 75 38 comme
1864 1673 8 38 le
1907 1673 0 37 «
1936 1673 61 37 Gibus
2030 1672 0 37 »
2059 1672 43 37 (qui
2128 1672 46 37 peut
2200 1672 94 36 contenir
2321 1672 48 35 faci¬

1681 1700 78 37 lement
1790 1700 27 37 400
1853 1699 132 39 personnes)
2015 1699 34 39 fait
2079 1699 63 39 appel
2172 1699 6 39 à
2208 1698 15 41 un
2259 1698 106 41 orchestre

1682 1728 16 37 de
1733 1728 38 37 jazz
1805 1727 16 37 de
1859 1727 139 37 vingt-quatre
2033 1726 117 36 musiciens
2185 1726 53 35 (sans
2273 1725 94 36 compter

1683 1755 25 37 les
1736 1754 73 38 petites
1840 1753 124 39 formations
1995 1753 14 38 de
2040 1753 36 38 jazz
2107 1752 76 39 comme
2214 1752 48 38 celle
2293 1751 73 39 d’Eddy

1683 1781 70 35 Louiss
1792 1781 14 35 et
1839 1780 23 36 les
1901 1780 91 37 groupes
2030 1780 47 38 pop)
2110 1780 50 39 alors
2198 1779 33 40 que
2269 1779 103 41 d’autres,

1684 1808 164 44 probablement
1875 1808 41 42 plus
1945 1807 83 43 timorés
2060 1807 15 42 et
2098 1807 65 41 moins
2193 1806 177 42 entreprenants,

1684 1836 94 35 songent
1807 1836 8 35 à
1842 1835 75 36 fermer
1949 1835 16 36 ou
2000 1835 8 36 à
2037 1835 13 36 se
2088 1834 131 37 reconvertir
2248 1834 16 37 en
2302 1834 66 37 disco¬

1681 1861 102 38 thèques.
1807 1860 80 40 Comme
1918 1860 58 40 dirait
2001 1859 61 41 Pierre
2090 1858 98 42 Lafargue
2219 1858 0 43 :
2241 1858 0 43 «
2268 1857 96 44 Chapeau

1684 1885 9 38 le
1723 1886 0 37 «
1752 1887 63 38 Gibus
1844 1889 0 37 »

1687 2031 50 39 Nous
1768 2030 60 40 avons
1856 2030 16 40 pu
1900 2028 101 42 entendre
2029 2027 88 42 courant
2139 2025 110 44 novembre
2277 2025 16 44 au
2325 2024 50 45 Chat

1687 2060 32 37 qui
1742 2059 63 38 Pêche
1837 2059 0 38 :
1860 2058 77 38 Claude
1966 2057 86 39 Delcloo
2084 2056 14 40 et
2121 2056 32 40 son
2184 2055 92 41 nouveau
2305 2055 0 40 «
2334 2054 40 41 Full

1687 2086 56 41 Moon
1777 2085 109 41 Ensemble
1917 2085 14 40 »,
1954 2085 8 39 le
1996 2084 107 40 Quartette
2134 2084 50 38 Dave
2218 2083 79 39 Burrell
2322 2083 53 38 suivi

1688 2114 15 37 de
1736 2113 42 38 Stan
1811 2113 46 38 Getz
1887 2112 45 39 avec
1962 2111 60 40 Eddie
2052 2111 87 40 Louiss,
2163 2110 55 41 René
2248 2109 81 42 Thomas
2359 2109 15 42 et

1686 2139 86 39 Bernard
1804 2138 69 39 Lubat,
1897 2138 32 38 qui
1951 2138 56 38 n’est
2031 2138 109 37 d’ailleurs
2170 2137 29 37 que
2231 2137 13 37 un
2277 2137 13 37 ou
2322 2137 45 36 deux

1685 2166 66 38 soirs.
1777 2165 8 39 Il
1811 2165 32 39 est
1869 2164 98 40 probable
2002 2164 31 40 que
2068 2164 8 39 le
2108 2163 156 40 saxophoniste
2298 2162 76 41 reparti

1687 2194 191 37 précipitamment
1906 2194 8 36 à
1940 2193 36 37 New
2021 2193 40 37 York
2094 2192 98 38 revienne
2226 2191 14 38 se
2274 2190 93 39 produire

1687 2222 15 37 au
1733 2221 52 38 Chat
1811 2221 14 37 au
1857 2220 63 38 début
1943 2220 17 38 du
1989 2219 49 39 mois
2070 2219 14 38 de
2116 2218 126 39 décembre.
2268 2217 40 39 Avis
2340 2217 28 39 aux

1685 2247 104 42 amateurs

1688 2324 14 43 Le
1741 2323 87 44 pianiste
1866 2323 80 44 Freddie
1984 2322 53 45 Redd
2072 2322 55 45 s’est
2159 2322 80 45 produit
2270 2321 42 46 tous
2347 2321 24 46 les

1685 2356 66 42 jeudis
1781 2356 15 42 au
1827 2356 117 44 Caméléon

1690 2432 13 40 Le
1740 2432 47 40 Golf
1814 2431 80 42 Drouot
1924 2431 0 42 a
1958 2431 104 42 accueilli
2085 2431 44 42 Jean
2162 2431 30 42 Luc
2229 2430 57 44 Ponty
2320 2430 13 44 et
2363 2430 7 44 le

1687 2464 74 38 gorupe
1791 2464 0 38 «
1824 2464 52 39 Total
1898 2464 55 40 Issue
1983 2464 0 40 »

1689 2534 18 44 En
1735 2531 128 48 novembre,
1888 2532 7 47 le
1927 2533 57 46 Gill’s
2012 2533 25 46 n’a
2066 2534 127 45 fonctionné
2218 2535 32 45 que
2279 2535 24 45 les
2332 2536 43 44 ven¬

1689 2569 57 38 dredi
1770 2570 16 37 et
1810 2570 86 38 samedi
1917 2570 16 38 en
1963 2571 67 37 soirée

1690 2744 216 72 N'OUBLIEZ
1971 2746 61 68 PAS

1691 2838 25 54 Le
1764 2838 24 57 12
1834 2831 216 68 Décembre,
2087 2827 73 67 Salle
2211 2830 139 60 Wagram

1698 2925 41 105 LA
1841 2920 136 110 NUIT
2063 2919 57 113 DU
2222 2917 128 113 JAZZ
