2480 3508
134 407 558 54 AUTANT EN APPORTE EVAN

136 522 1076 56 Evan Chandlee Group - Centre Culturel Américain, 17

138 574 312 43 novembre 1976.

136 613 1076 55 Evan Chandlee (fl, pic, bel), Daunik Lazro las, bel), Cesa¬

136 656 708 51 rius Alvim (bl, Merzak Mouthana (dm).

136 703 1078 51 An event for Evan. Un événement le concert du groupe d’Evan

138 734 1070 59 Chandlee au Centre Culturel Américain de la rue du Dragon?

140 775 1072 55 Certes ! En un autre temps, ce concert germanopratin n’aurait

140 818 1068 53 été qu’une manifestation parisienne parmi beaucoup d’autres.

140 855 1068 51 Ce qui en fait l’importance, c’est qu’il s’agit du premier or¬

140 892 1070 53 chestre de jazz à donner un concert au C.C.A. depuis de nom¬

138 933 1072 49 breux mois de carence. La petite salle de la rue du Dragon,

140 968 1072 55 l’un des plus agréables de ces espaces clos de la capitale où

140 1005 1070 53 le jazz a fait son entrée, fut souvent bondée par le passé,

140 1044 1072 57 peut-être en raison de la gratuité de son admission (il suffit de

140 1083 1072 49 retirer une invitation à l’avance), mais surtout à cause de la

142 1114 1070 59 qualité constante des formations régulières ou provisoires qui

144 1155 1070 55 s’y produisirent, de la valeur des musiciens qui furent engagés

140 1194 1072 57 le temps d’une soirée trop vite écoulée. Un changement de di¬

140 1235 1074 51 rection suivi d’une nouvelle politique de programmation où le

140 1270 1072 63 jazz n’avait plus qu’à faire sa valise, le départ vers leurs terres

140 1307 1074 55 natales et ensoleillées des animateurs éclairés que furent

142 1344 1072 55 Roger Hazoumé et Gabriel Koffi, privèrent les musiciens ayant

144 1385 1068 53 le swing dans la peau d’un centre d’accueil, un des plus — un

144 1420 1068 59 de moins. Heureusement, le C.C.A. semble abandonner ce ré¬

144 1459 1064 57 gime draconien pour redevenir véritablement « dragonnien»

144 1496 1072 55 comme hier, repartant sur les bases de naguère. Le concert

144 1535 1072 57 donné par Evan Chandlee et ses complices, le 17 novembre

144 1572 1070 59 dernier, en est l’indice. Souhaitons — et la bonne volonté des

144 1611 1070 55 responsables paraît évidente — que ce concert soit le premier

144 1658 524 49 d’une nouvelle et longue série

144 1701 1078 53 Avec seulement quatre participants, le groupe de Chandlee

146 1738 1074 54 apporte une preuve renouvelée de l’internationalité du jazz

146 1777 1072 58 joué à Paris, depuis longtemps carrefour, rendez-vous, plaque

148 1816 1070 51 tournante des jazzmen résidant ou de passage en Europe; le

148 1849 1070 58 cosmopolitisme du jazz parisien, à travers les décennies, n’est

148 1890 1068 58 pas un vain mot, c’est même devenu une tradition par sa per¬

146 1929 1074 53 manence. Venu de New York il y a plusieurs années, Evan

146 1964 1074 55 Chandlee s’est fait connaître en France par l’intermédiaire du

146 2001 1072 57 CohElMec Ensemble auquel il s’intégra momentanément avant

146 2042 1072 53 de (se laisser) tenter (par) l’exploration personnelle; Chandlee

148 2079 1070 55 maîtrise la flûte et son petit frère le piccolo, ainsi que la clari¬

148 2118 1070 51 nette-basse, avec une assurance de plus en plus affirmée et,

148 2151 1072 59 au sein de sa formation peut s’abandonner à son goût (certain)

148 2188 1074 59 pour la composition et l’orchestration (Makala, Couleur, Solid

148 2227 1070 59 Wood, Remember, une belle ballade bi-partite, et Suite Mer¬

148 2268 1074 53 zakiana, un dialogue avec le batteur). L’émancipation de

148 2307 1072 53 l’Algérie a permis aux artistes, qui soient-ils, de s’exprimer

148 2344 1072 58 plus librement, aux créateurs de s’épanouir; les gens de

150 2383 1072 53 théâtre et de cinéma, notamment, ont pu fournir des témoi¬

150 2420 1072 55 gnages de leur talent authentique. Jusque-là, pourtant, on

150 2457 1072 57 pouvait se demander si le jazz avait des représentants valables

150 2496 1072 53 sur la rive opposée de la Mère Méditerranée. Merzak Mou¬

150 2531 1072 57 thana est au moins une illustration de l’apport maghrébin à la

150 2572 1072 55 musique de jazz, espérons que nombre des compatriotes du

150 2609 1072 57 batteur/percussionniste emprunteront aussi cette voie pour le

150 2648 1074 55 plus grand bien de la propagation du jazz. Depuis ses débuts

154 2685 1068 59 en France, Mouthana a fréquemment joué dans les groupe¬

152 2724 1074 53 ments dirigés par Jean-Charles Capon, cela l’a conduit à faire

152 2763 1072 55 partie de Confluence, un orchestre actuellement florissant.

152 2796 1072 59 Merzak est un remarquable batteur, idéal aussi bien dans l’ac¬

154 2837 1072 51 compagnement — toujours attentif et varié — que dans le

155 2876 1071 51 solo — jamais lassant par la multiplication des plans de cons¬

154 2915 1074 49 truction; il est sûrement (et je pèse mes mots) l’un des plus

154 2950 1072 61 passionnants, des plus compétents que l’on puisse écouter en

155 2987 1073 55 ce moment à Paris; en outre, il se double d’un compositeur

154 3028 1074 51 non négligeable (Muséum, Saccades). L’alliance de Merzak

154 3065 1074 55 Mouthana avec Cesarius Alvim, de surcroît, fait de cet apparie¬

154 3100 1074 57 ment un tandem rythmique particulièrement aiguillonnant dans

155 3141 1069 57 le domaine du jazz contemporain, sinon sans rivalité possible,

155 3174 1071 61 du moins sans prééminence immédiate. Originaire de ce Brésil

155 3215 1073 57 qui a tant marqué notre ami Lourenço, Cesarius Alvim, consi¬

155 3252 1073 61 déré dans n’importe quelle perspective, est un contrebassiste

157 3318 53 57 28

1347 356 1076 53 d’importance avec qui il faut dorénavant compter. Magyar des

1349 397 1070 51 bords de Seine, cavalier motorisé de la puszta banlieusarde,

1347 432 1074 53 Daunik Lazro, est l’élément le moins achevé, mais non le moins

1347 471 1076 49 dynamique, de ce quartette; l’imagination est féconde, les

1349 508 1074 53 idées abondent, ça gaze au poil dans la tête, le cœur est gros

1349 547 1074 53 comme ça, les tripes ne demandent rien à personne, malheu¬

1349 584 1072 53 reusement les doigts ont encore du mal à suivre. Quand la

1349 621 1072 55 technique sera plus fignolée, la mise en place plus soignée, le

1349 660 1074 53 phrasé assoupli, Lazro pourra alors prétendre aux premières

1351 697 1070 57 places, il a l’étoffe d’un soliste ayant quelque chose à racon¬

1351 734 1074 51 ter, mais cette étoffe est pour l’instant du gros lainage écru et

1351 773 1072 51 mal peigné. Curieusement, la sonorité de Lazro rappelle celle

1351 812 1070 51 des saxophonistes classiques, voire celle des altistes “ corny »

1351 849 1070 53 des années 20, et le contraste est frappant entre ce son anti¬

1353 886 1072 53 que et dépassé et les idées archimodernes auxquelles il sert

1351 925 1070 51 de véhicule; un bizarre cocktail Marcel Mule, Bobby Davis,

1349 962 1074 51 Eric Dolphy, Ornette Coleman! Cependant, Albert Ayler n’im¬

1351 1001 1074 53 provisait-il pas en utilisant une sonorité étonnamment proche

1353 1038 1074 51 de celle d’Emmanuel Paul, le ténor de l’Eureka Brass Band et

1353 1077 1072 49 de l’Olympia Brass Band ? Il est vrai qu’Ayler éleva la fanfare à

1351 1120 456 49 la hauteur des Beaux-Arts

1349 1161 1074 57 Un grand vide au milieu du groupe d’Evan Chandlee; la place

1351 1206 1070 51 de Joseph Dejean. En souvenir du guitariste trop tôt disparu,

1351 1245 1072 51 ses compagnons des jours heureux “ comblèrent l’espace dis¬

1351 1280 1072 54 socié», comme l’écrivait Michel Bernardy, en interprétant des

1351 1317 1074 55 compositions dues à Dejean lui-même (Samba, Poséidon) ou

1355 1356 1070 56 à la collaboration du guitariste et de Chandlee (The Spirit's

1351 1393 1074 53 Song). Un morceau de McCoy Tyner, Makin' Out, provenant

1351 1432 1074 51 de l’album « Atlantis», était également au programme. McCoy

1353 1469 1072 51 Tyner, musicien-peintre-poète du voyage, du périple, de

1349 1504 1074 57 l’aventure, du dépaysement, évocateur illuminé de terres loin¬

1351 1545 1076 53 taines, de villes mirifiques et de contrées fabuleuses, est une

1349 1584 1080 51 référence de choix à citer lorsqu’il est question du groupe

1351 1625 776 49 d’Evan Chandlee s’embarquant pour Cythère

2123 1658 310 64 Pierre Lafargue

1351 1773 846 58 LIBRE PARCOURS AU THÉATRE RÉCAMIER

1353 1892 1084 56 Center of the World-Hart Leroy Bibbs. Théâtre Récamier,

1353 1943 271 50 20 novembre.

1353 1976 1080 60 Phénomène curieux: Center of the World (Frank Wright, Bobby

1355 2026 1076 47 Few, Alan Silva et Muhammad Ali) est systématiquement et

1355 2063 1076 49 obstinément boudé par la critique, par l’« establishment », par

1356 2098 1075 53 les radios et les télés, mais n’en draine pas moins un public

1355 2139 1076 45 toujours nombreux, vibrant et enthousiaste. Il n’en fallut pas

1356 2173 1071 56 plus en tous cas, pour remplir à ras-bords le théâtre Récamier

1358 2213 1071 51 d’autant plus qu’Hart Leroy Bibbs, un des grands poètes de

1356 2250 1073 53 notre temps, doublé d’un des plus grands photographes de

1356 2291 1073 53 l’époque, avait écrit, spécialement pour l’occasion, un poème,

1358 2328 1073 51 véritable brandon à ficher le feu à tous les théâtres de France

1358 2371 246 47 et de Navarre.

1356 2404 1077 61 Avec Get On Up d’Alan Silva, Blues for Albert (Ayler) de Frank

1356 2453 1075 49 Wright et 1034 For John de Bobby Few, les quatre musiciens

1356 2488 1075 55 partirent dans des improvisations dingues, denses, nourries du

1356 2527 1073 51 riche background afro-américain. Tandis que dans Chasino

1360 2564 1075 53 The Heart, Leroy Bibbs, accompagné par les musiciens, tirait

1356 2609 529 49 une série de flèches au curare

1358 2646 1081 59 « Un des meilleurs concerts de Libre Parcours dazz» déclarait

1358 2701 470 46 Maurice Cullaz, aux anges.

2115 2742 326 48 Pierre Cressant.

1355 2814 561 54 LA LONGUE NUIT DE MASSY

1362 2880 1082 70 Raymond Boni (g), Claude Bernard (as), Tony Oxley (di

1364 2940 1078 49 solo), Michel Grallier (p solo), « Assum » : Ayib Dieng,

1362 2977 1075 49 Cheikh Tidiane Fall, Nana Vasconcellos (perc, vel), Philly

1364 3016 1075 49 Joe Jones (dr, Idr), Benny Bailey (tp, fgh), Charlie Bowen

1362 3055 1079 47 Its), Cees Slinger (pl, Wilbur Little (b). Frank Lowe (ts),

1364 3092 1075 47 Butch-Lawrence Morris (tp), Didier Levallet (b), Georges

1364 3127 1077 51 Brown (dr), Frank Wright (ts, b-cl), Muhammad Ali (dr).

1364 3168 833 47 Centre Omnisports, Massy, le 20 novembre.

1362 3205 1075 51 C’est Yves Bourdes, ambassadeur du Monde à Châteauvallon,

1362 3244 1073 53 qui réclamait pour ce dernier des concerts-marathons.

861 93 831 181 CONCERTS
