2480 3508
99 194 1074 47 Pauvres oreilles que les miennes, qui commencent à se fermer

105 231 1068 47 au bout de trois heures de décibels ininterrompus... Autant

103 270 1070 45 dire tout de suite qu’elles se seraient contentées à Massy d’un

101 305 1070 49 concert en deux parties ou trois, sagement équilibrées. Ren¬

103 346 1070 43 dre compte de ce concert est d’ailleurs une tâche d’autant

101 381 1070 53 olus ingrate que les Français y ont été à mon goût fort peu en¬

103 419 1066 46 mousiasmants. La prestation du premier duo, assez chaleu¬

103 459 1068 45 reuse, au sein de laquelle se distinguait le lyrisme chantant de

101 496 1066 49 Claude Bernard, péchait par un excès d’effets de manche.

103 533 1066 47 de procédés spectaculaires qui ne m’ont quère ouvert l’appé¬

103 571 1066 50 ut. Quant à Michel Grallier, souvent si attachant en orches¬

103 610 1070 48 tre, cela me peine d’avoir à écrire que sa prestation en solo fut

105 647 1066 50 le symbole même de l’aliénation d’un artiste français par cer¬

101 682 1068 50 tains confrères américains (Hancock, Jarrett). On ne peut vrai¬

103 724 1068 47 ment encourager ce genre de tentatives dans un pays où

101 760 1068 50 cohabitent des gens comme Solal, Portal ou Texier qui, eux,

103 797 536 54 tont de la musique “ française»

105 869 1072 54 Tony Oxley m’a horriblement ennuyé. Non qu’il ne soit un

107 919 1068 45 bon» percussionniste. A l’heure actuelle il ne s’agit plus

107 956 1068 47 seulement d’être capable de dire, mais d’avoir à dire. Encore

107 991 1068 47 qu’à Moers il fut flagrant qu’il ne possédait pas les moyens

107 1030 1068 47 techniques de jouer les parties de Braxton. Non, ce qui me dé¬

107 1067 1066 47 range directement, c’est le plagiat à peu près total d’une per¬

107 1106 1068 47 cussion qui fut sans doute découverte par John Stevens (à une

107 1145 1068 45 époque où Oxley faisait preuve de conceptions beaucoup plus

107 1181 1068 48 traditionnelles que lui) et qui appartient aujourd’hui en propre

105 1220 1068 44 à Paul Lytton. Évidemment, le public de Massy, composé pour

103 1257 1068 52 beaucoup de nouveaux venus à cette forme de musique,

103 1294 867 50 n’était guère en mesure de dévoiler la supercherie

101 1373 1076 53 Avec le trio « Assum », on s’est un peu réveillé. Voici trois

105 1414 1070 51 musiciens sérieux, heureux de jouer, communicatits. On sait

105 1455 1068 45 tout le bien qu’il y a à penser de Nana. Il reste que la percus¬

105 1488 1070 53 sion seule, après la batterie solo, possède un côté légèrement

105 1531 1068 49 ingrat que ne pallie pas l’aspect visuel (très « Don Cherry au

105 1570 1070 51 pays des merveilles ») On aimerait réentendre ces percussion¬

105 1605 1070 47 nistes accompagner des parties mélodiques. Quand on pense

105 1646 1070 47 qu’Egberto Gismonti était présent dans la salle, on se mordille

103 1681 571 51 nerveusement le bout des doigts

105 1755 1074 45 On sait le peu d’excitation que je retire personnellement des

103 1789 1072 52 prestations de Center of The World. Disons que je vais pour

107 1831 1068 45 ma part chercher mes plaisirs esthétiques ailleurs, ce qui ne

107 1867 1068 48 m’empêche de respecter l’opinion des Cullaz et des Cressant

105 1904 1070 50 à leur sujet. Je me tairai donc sur l’épisode Wright/Ali de la

105 1944 1070 51 soirée, vu qu’il n’apporta aucune pièce nouvelle au dossier, et

105 1982 1068 48 vous renverrai à la chronique de Cressant au Théâtre Réca¬

113 2019 78 50 nier.

101 2102 1076 49 Arriva le grand Philly, un rien “ packetté » comme on dit au

103 2139 1070 49 Québec. Superbe quintet dominé par l’extraordinaire Benny

105 2176 1068 51 Bailey si inspiré à la trompette. Bon ténor de Philadelphie, pro¬

103 2215 1068 49 che d’esprit de Griffin. Excellent pianiste hollandais dont je ne

105 2254 1068 49 connaissais pas l’existence, vertueux disciple de Bud Powell

105 2289 1068 55 ('esprit plus que la lettre). Et bien sûr un tandem rythmique qui

107 2332 1066 49 valait le déplacement à lui tout seul. Malheureusement il était

105 2365 1068 51 tard et, la bière aidant, Philly Joe commença à se désintéres¬

105 2402 1066 55 ser du déroulement des opérations dès le second morceau,

103 2445 1068 49 négligeant la mise en place, couvrant ses sidemen. Deux

105 2480 1068 53 heures plus tôt, je gage qu’il eût été parfait. Enfin (il devait être

103 2519 1072 53 près de trois heures du matin) apparut le quartet de Frank

105 2556 1070 53 Lowe devant une salle pratiquement désertée et parfaitement

105 2593 117 53 rrigide.

103 2671 1076 57 Je n’ai jamais été renversé par la musique de Frank Lowe dont

107 2718 1066 53 le me demande si elle n’est pas un peu surestimée. Tout le

105 2757 1068 49 monde joue bien certes, et en particulier le très “ hip» cornet¬

107 2794 1066 51 uste/trompettiste Butch Morris, qui pratique un style à égale

103 2829 1070 53 distance entre Don Cherry et Bubber Miley! Mais tout ceci

105 2872 1070 45 date terriblement. A chaque morceau on ne peut s’empêcher

103 2907 1070 47 de penser au quartet d’Ornette Coleman. Et puis cela manque

103 2946 1068 49 d’âme, de passion: ce n’est pas habité. Cette déception se

103 2983 1070 53 confirmera quinze jours plus tard au Riverbop, lors d’une

103 3022 694 51 seconde écoute dans un cadre différent.

103 3098 1072 55 En résumé, on aimerait qu’à Massy l’an prochain, l’on pense

103 3143 1070 47 un peu moins comme Bourdes à « faire la fête » (dieu que la

101 3180 1072 49 notion de fête est une chose douteuse !) et plus à proposer un

101 3217 967 53 orogramme centré sur la qualité plus que sur la quantité

857 3268 324 50 Laurent Goddet.

2039 85 337 67 CONCERTS

1306 226 610 54 JOUK MINOR/CHRISTIAN LÉTÉ

1300 319 979 57 Jouk Minor (bs, cbol, ss) - Christian Lété (dm, perc).

1298 380 641 44 Paris, Mutualité, le 1er décembre.

1300 422 1078 55 A la musique délibérément austère de Jouk Minor, répondait

1298 467 889 51 ce soir-là l’enthousiaste pulsation de Christian Lété.

1300 516 1074 49 L’insolite de premier abord fit place, non pas à une totale com¬

1302 559 1070 49 plémentarité, les protagonistes semblant tellement opposés,

1300 596 1074 47 mais à une sorte d’équilibre fragile — c’est là l’intérêt — où

1298 633 1076 45 les sons se mêlent et les jeux se développent. Jouk Minor pro¬

1298 670 1076 51 pose toujours un monologue intimiste, un jeu manquant sans

1300 709 1074 47 doute un peu du relief, voire du brillant qui rendraient son dis¬

1300 744 1072 49 cours plus lisible, plus attachant. Diversement mis en valeur

1302 787 1072 43 ou, au contraire, s’intégrant plus ou moins suivant ses parte¬

1300 826 1076 43 naires, son jeu a failli prendre une nouvelle dimension propulsé

1298 861 1076 49 par le drumming tous azimuts de Lété. Je dis: failli, car si la

1298 896 1076 49 communication sembla se faire, il a manqué je ne sais quoi

1300 939 1074 49 pour provoquer le plaisir total, probablement une plus grande

1298 976 487 49 habitude de jouer ensemble.

1300 1017 1076 45 Ces quelques réticences exposées, il convient de clamer bien

1298 1054 1076 45 haut l’excellence du jeu de Christian Lété. Proposant de nou¬

1300 1091 1074 47 velles voies à force d’intelligence, de maîtrise, d’enthousiasme

1298 1128 1074 49 lucide, Lété se situe bizarrement (et sommairement) au centre

1300 1167 1068 49 d’un carré Milford Graves, Bennink, Pierre Favre et Humair,

1300 1204 1072 49 C’est dire qu’il a assimilé l’essentiel de la percussion contem¬

1298 1241 1074 53 poraine et qu’il est capable avec cet acquis d’inventer des

1300 1282 1074 45 combinaisons, des directions multiples qui n’ont quère d’équi¬

1298 1315 1074 53 valent parmi les jeunes batteurs. On peut même, sans trop de

1296 1354 1076 51 risques, estimer qu’il se situe d’ores et déjà comme le plus im¬

1296 1395 1039 47 portant percussioniste pouvant être écouté dans notre pays.

2121 1444 255 48 Jean Buzelin

1306 1516 606 56 CHET BAKER A LA MUTUALITÉ

1298 1619 495 47 Même date que ci-dessus

1296 1666 1080 49 N’en déplaise à une certaine critique en chambre, Chet Baker

1298 1705 242 50 se porte bien.

1300 1755 1076 45 Son passage au « Riverbop» ainsi que ce concert devraient

1298 1794 1076 51 avoir définitivement raison des insanités que d’habiles faiseurs

1296 1831 569 49 se permirent d’écrire à son sujet.

1298 1874 1076 47 Pour en revenir à des moutons plus sympathiques Chet, est à

1300 1915 1074 47 notre très subjectif avis, en passe d’accéder à ce titre un peu

1298 1954 1070 45 ridicule qu’on lui décerna il y a de cela une vingtaine d’années.

1296 1985 1078 53 Nous n’aimons guère les “ polls » autres referenda mais il faut

1298 2030 1074 43 constater qu’à part lui, Miles et Dizzy il n’existe plus aucun

1298 2059 1072 55 soliste de génie au petit royaume de la trompette. Ceux qui

1300 2106 1072 39 entendirent ses nouvelles versions de : « Mister B ». « Day¬

1298 2135 1074 53 break », « Gnid» et ses toujours bouleversantes interventions

1296 2178 786 49 vocales ne risquent guère de nous contredire

1296 2227 1078 47 Et, puisque nous nous sentons l’âme enthousiaste, signalons

1300 2262 1070 53 aussi l’excellence du travail de Jacques Pelzer (as, ss, fl) qui

1298 2305 1072 47 accompagne Chet depuis près d’un an dans toutes ces pres¬

1298 2346 359 49 tations européennes.

2064 2354 318 54 Pierre Cressant

1300 2436 645 54 CHICAGO BLUES FESTIVAL 1976

1294 2549 776 48 Palais de la Mutualité, 2 décembre, 21 h.

1292 2597 1076 47 Cette tournée du Chicago Blues Festival 1976, aura été mar¬

1296 2640 1070 47 quée par deux particularités qui la différencient des autres.

1294 2675 1074 47 D’une part, le nombre d’artistes en tête d’affiche a été très

1296 2716 1072 47 réduit (Mighty Joe Young, Louisiana Red et Willie Mabon), et,

1298 2753 1070 49 d’autre part, son concert parisien s’est déroulé dans une salle

1296 2786 1070 45 insolite pour du blues: le « palais» de la Mutualité, c’est-à¬

1296 2823 1072 49 dire à une échelle bien plus vaste que celle de la traditionnelle

1296 2866 476 45 salle des fêtes de Bagneux.

1294 2911 1076 51 Malgré cela, c’est devant une salle presque comble que s’est

1298 2954 1070 47 ouvert le concert (2 décembre). D’emblée, nous fûmes plongés

1298 2993 1070 45 dans l’ambiance de l’un des styles de blues les plus authen¬

1294 3028 1072 47 tiques et les plus envoûtants que l’on puisse imaginer actuel¬

1292 3063 1076 51 lement, ambiance due au chanteur-guitariste Louisiana Red

1294 3106 620 49 (dont le vrai nom est lverson Minter).

1292 3153 1076 52 Massif et imposant, Louisiana Red nous régala d’abord de

1296 3194 1072 47 quatre morceaux, chantant seul avec sa guitare, absolument

1294 3231 1074 48 grandioses (notamment ses classiques Ride on Red Ride on

1294 3266 1072 54 et Red’s Dream). Il fut rejoint ensuite par Willie Mabon (piano),

2324 3320 54 57 29
