2550 4200
149 81 703 63 (Fouad, Combelle, Ekian, tous les héros

149 130 701 56 de notre jeunesse, je devrais dire enfance

149 170 201 54 pour moi...).

154 224 700 56 * Le journal du Dimanche du New York

151 263 701 54 Times pèse facilement ses cinq kilos (dont

154 301 696 56 on peut se soulager d’au moins trois

149 333 703 56 kilos cinq cent dans la première poubelle

149 368 703 52 à portée de la main, avant d’en commen¬

151 401 696 54 cer la lecture...). Bret le - Sunday Times »

151 443 703 54 du 26 novembre a consacré un supplément

151 476 699 53 assez volumineux au lazz. Nous devons

149 511 701 53 des remerciements (qu’il saura trouver ici,

235 546 615 56 a bon goût), au critique de jazz du

154 581 696 56 N. Y. Times, lohn Lee Wilson. Ce supplé¬

149 613 701 54 ment offrait des articles très intéressants

151 655 696 56 sur le jazz avant-garde barrière en général,

154 688 691 56 et sur de nombreux musiciens tels que

151 725 701 54 Duke, Archie Shepp, Robin Kenyatta, Char¬

151 760 395 56 les Lloyd en particulier.

151 814 701 63 * Ecouté, avec plaisir, le quartette Yusef

151 861 701 53 Lateef, à Slugs', le 22 décembre. Le bat¬

149 893 701 52 teur Roy Brooks prend des solos un peu

149 926 703 54 longuets, mais le reste du temps fournit

151 961 575 56 un » comping» de première classe

154 998 693 61 * Le réveillon de Noël chez les Hess,

149 1033 698 56 205 W. 91 st., a pris la forme d’un rendez¬

149 1071 698 56 vous des musiciens françals à New York,

149 1101 701 61 résidents ou de passage, puisqu’on a pu

156 1138 694 52 y voir Michel de Villers, André Persiany

151 1166 701 61 (qui joue en ce moment au « Rainbow

154 1213 693 49 Room» avec l’orchestre de Jonah lones)

154 1248 696 49 et Gérard « Le Dave » Pochonet. Michel

151 1281 699 53 de Villers a joué les 26 et 31 décembre

154 1318 698 56 au Half-Note avec la formation d’Al Cohn

151 1351 358 51 (attraction spéciale:

530 1353 320 56 le chanteur limmy

154 1388 700 51 Rushing), et a prouvé au public new-yor¬

149 1423 696 61 kais quel musicien de talent il est. Michel..

149 1460 374 63 you were a real gas!

151 1519 699 56 * Paul Whiteman, le - King of jazz“ I

284 1561 516 53 .............................

151 1591 699 54 (assez ! assez !), est mort à l’âge de 76

154 1626 700 54 bergeronnettes d’une crise cardiaque, fin

154 1666 518 58 décembre. Paix à ses cendres.

156 1708 701 70 * Al fait un saut, le 2 janvier au « Club

151 1754 701 52 Baron ", à Harlem. Sonny Stitt et son

154 1794 698 51 trio, composé de Don Patterson à l’orgue.

425 1831 427 52 (sorry) aux drums. Quelle

156 1862 698 58 joie sublime d’écouter Sonny jouer deux

154 1897 703 53 heures sans arrêter. Il ne joue uniquement

156 1934 698 56 que de l’alto et du ténor électroniques.

154 1967 698 58 Personnellement, je le préfère, au naturel.

151 2006 703 52 L'orgue est un instrument fantastique,

154 2041 700 52 quand il est joué par des gars comme

151 2074 701 49 limmy Smith, ou Richard « Groove » Hol¬

151 2109 706 51 mes, c. à d. sans vibrato aucun, chaque

149 2144 701 54 note détachée, même sur tempo très ra¬

151 2181 703 59 pide, tout en restant » funky », si vous

151 2219 703 51 voyez ce que je veux dire... autrement

151 2254 703 51 c’est un instrument tentant pour faire sa

149 2286 708 59 putain, trop spectaculaire... c’est un peu le

149 2324 332 58 cas avec Patterson.

156 2373 701 63 * Le Thad Jones!Mel Lewis Big Band

151 2417 706 61 joue toujours tous les lundis soir au Village

151 2452 166 58 Vanguard.

156 2494 698 70 * Le quartette du pianiste avant-garde Bur¬

154 2543 698 54 ton Greene a joué à la session de lazz

154 2580 703 56 Interactions, lnc., le 31 décembre au « Red

149 2615 149 54 Garter »

154 2660 703 70 * Le chanteur de blues B. B. King passe

151 2709 703 51 au « Café à Go-Go » pour la durée du

154 2741 696 56 mois de janvier. Le chanteur Arthur Pry¬

154 2781 700 58 sock partage l’affiche avec le limmy Smith

151 2814 703 56 trio au « Village Gate ", également pour

149 2851 395 63 tout le mots de lanvier.

182 2891 399 79 So long... et à bientôt.

520 2933 301 86 Jean-Manie HESS.

1081 98 392 67 LA FETE AU CORBIER

959 179 675 59 En admettant qu’un jour on pulsse faire

929 217 691 60 du sld sur la Lune, on y retrouverait:

927 254 700 56 Christian Guérin, son trombone, Claude

927 289 700 56 Luter, les Lorientais, et toute une bande

927 331 698 51 d’amis que Christian aurait convié à foncer

927 361 702 61 derrière lui dans une entreprise quasiment

929 401 691 54 surhumaine tout comme il l’a fait au

924 431 703 56 Corbier, dernière-née des stations de

929 469 114 53 Savoie.

922 501 705 61 Dans le genre trombone musclé, Guérin

922 548 700 51 c’est le poids mi-lourd, râblé, ramassé, il

924 581 701 56 fonce, sans vaines paroles, dissimulant soi¬

924 618 703 56 gneusement un cœur immense. Tous ceux

929 658 698 51 qui le secondèrent dans la réalisation du

927 693 695 53 Corbler surent découvrir dans son sourire,

929 728 698 53 sa grande générosité. Et Guérin, comme

924 760 698 56 tous les Lorientais d’ailleurs, cultive le

927 798 700 53 culte des copains. Pas de ces copains de

922 828 703 61 n’importe où, de n’importe quoi, les co-pain,

924 870 703 56 ceux qui ont partagé le pain dur des jours

924 905 703 56 anciens, que l’on convie, à présent, aux

924 940 705 54 brassées de pain croustillant. Ainsi, toute

924 977 703 47 une équipe : techniciens, architecte déco¬

924 1010 701 54 rateur, ouvriers du bâtiment, famille, amis.

927 1045 698 54 stigmatisés, séduits, ont fait surgir à

929 1078 698 58 1500 m d’altitude en 183 jours et nults,

924 1110 701 59 trois remontées mécaniques, une patinoire.

927 1150 700 51 un hôtel - la Galaxie ». Quand le parlais

929 1185 149 58 de Lune.

924 1225 705 56 Cent cinquante invités du monde de la

927 1264 705 52 presse, du cinéma, de la télévision, du

929 1302 89 60 JAZz.

959 1327 670 73 Invités, tout d’abord à fêter les quarante

929 1383 700 52 ans de Robert Hossein, barbu, séduisant,

929 1414 700 53 à falre rêver toutes les dames mariées, les

924 1446 565 56 autres ayant eu quelques chances.

922 1491 705 58 A fêter les vingt ans des Lorientais, eh oul,

924 1533 701 51 déjà. Luter premier arrivé, prêt pour le ski.

924 1565 703 52 Luter, c’est un sportif ! Pas d’alcool au

931 1600 691 54 club, sa cuvée révervée d’Evian l’été, le

924 1635 696 56 bateau, la clarinette, les copains, l’hiver, le

927 1673 481 60 ski, la clarinette, les copains.

927 1712 355 77 A fêter le nouvel an !

1700 105 702 56 Trois jours et deux nuits de fête. Petit

1697 140 705 63 déjeuner à l’heure du déjeuner, déjeuner à

1700 177 523 63 l’heure du thé, souper extra-of..

1700 219 186 61 Et du jazz!

1697 259 659 63 Club : La Capsule, ouvert jour et nuit.

1700 298 427 59 Orchestre : les Lorientais.

1700 343 702 58 Vannick Saint-Géry, frais et lissé, au

1702 387 691 51 piano. Timide Oudinet à la batterie, se¬

1697 417 703 54 condé par Poumi Amaud, animateur des

1697 452 705 56 loisirs de la station. Le beau Rabanit au

1697 487 703 59 cornet. Dervaux, trompette, que le pense

1700 525 698 51 toujours évadé d’un concert symphonique.

1697 555 703 63 Zacharias, trombone ainsi que Zappa, joli

1700 597 705 54 petit mignon. Guérin se joint à l’ensemble

1700 632 705 51 dès que ses devoirs de maître de maison

1704 667 322 54 le laissent souffler !

1704 704 698 63 Le Corbier devient Saint-Germain-des-Prés.

1704 746 698 49 Ce sont les 30-40 qui retrouvent leurs

1704 781 701 59 jambes de vingt ans. Toutes les figures du

1707 816 695 52 « swing » renaissent de nos mollets. Petite

1702 851 703 56 fleur, Les oignons, la lolie marchande de

1702 891 444 58 poisson, et Corbier blues!

1700 928 705 56 Corbier blues qu’Oudinet improvise en scat

1700 970 702 63 et chacun à l’orchestre de faire son petit

1700 1008 378 63 Une ambiance terrible !

1697 1047 196 54 scat-chorus.

1700 1075 707 70 Le vin au tonneau, des cuisiniers transpor¬

1702 1124 698 56 tant des cochons de lait, des dindes rôties,

1700 1159 705 54 d’autres délices, six cents petits gâteaux

1704 1199 703 56 que l’ai vu, de mes yeux, disparaîtrent

1711 1236 659 49 en cinq minutes Des toasts : au jazz,

2370 1232 30 58 à

1700 1264 705 61 l’amitié, au ski, à rien, au plaisir d’être là,

1697 1306 376 56 d’être l’ami de Guérin.

1702 1337 700 65 Et comme tout est bien qui finit bien, le

1702 1381 703 61 départ lui-même fut très joyeux, dans les

1704 1421 701 53 tourbillons de neige, à la lumière des

1700 1456 705 51 phares, un dernier regard au Corbier, bien

1700 1493 670 51 assis sur sa montagne, sûr de lui, prêt

2379 1491 19 51 à

1702 1526 698 67 recommencer chaque année le long Ré¬

1702 1563 114 51 veillon.

1700 1591 658 84 Le Corbier, première, clap ! c’est parti !

2139 1652 217 67 Janvier 1968.

2110 1696 260 91 Arlette LELOIR.

1429 1801 474 65 Claude Luter et Christian Guerin.

150 2996 35 59 8
