2550 4200
168 1115 322 65 BLUES IS KING...

168 1185 705 58 l’écrivais naguère, dans ces mêmes co¬

168 1220 703 54 lonnes, que l’abandon de plus en plus fré¬

170 1257 708 56 quent des sacro-saints canons du blues était

170 1292 703 56 un fait patent dans la musique populaire

170 1327 705 61 contemporaine. Il reste, heureusement, un

168 1365 705 53 nombre suffisant d’amoureux de cette forme

175 1400 700 56 musicale — et d’artistes dans la force de

175 1439 700 54 l’âge pour l’interpréter. Il est possible que,

172 1474 701 56 dans vingt ans, plus rien ne subsiste,

175 1509 700 56 mais, pour l’instant, pas de problème, et

177 1542 701 51 B.B. King fait un malheur, à Pleyel, le

177 1577 175 58 15 janvier.

175 1617 703 63 La connalssance élémentaire des disques

177 1659 701 58 enregistrés depuis quinze ans prouve,

175 1696 703 54 qu’avec feu Elmore lames, ce Blue Boy est

182 1733 696 54 le quitariste dont l’influence prédomine;

175 1768 698 56 on a entendu Otis Rush, Albert King, d’au¬

175 1799 703 60 tres dont on a souligné les mérites. Quand

175 1841 703 53 apparait le maître, ce sont les dimensions

179 1876 694 58 qui changent; je pèse bien mes mots:

179 1915 699 52 nul bluesman n’a fait pareille sensation,

175 1950 703 56 n’a établi un contact aussi intime avec le

175 1983 703 61 public parlsien depuis le Sonny Boy Wil¬

177 2018 705 58 liamson de la première tournée. Et c’est

177 2058 703 56 vrai pour le chant, comme pour le jeu de

179 2093 703 56 quitare; l’auditoire, que l’on pouvait crain¬

184 2125 691 56 dre bruyant, étatt comme fasciné par B.B.

179 2165 699 56 King, buvait tout ce qu’il jouait et chan¬

182 2202 49 59 tait

179 2235 708 61 Oui, le blues était roi, et le roi ne donnait

179 2279 703 59 que des blues. Les musiciens qui l’ac¬

184 2314 701 52 compagnalent, Mose Thomas (tp), Lee Ca¬

179 2352 706 58 tung (ts), lames Toney (o), Sonny Freeman

179 2389 706 56 (dms) ne sont pas des génies. Dans trois

179 2422 701 53 ou quatre morceaux interprétés sans le chef.

184 2457 698 53 Thomas sonnait comme un sous-Donald

182 2494 700 56 Byrd. Catunq comme Curtis Amy. Mystère

184 2529 701 61 du blues, le même Catung inventait, en

184 2566 701 56 contrechant à B.B. King des phrases ra¬

186 2601 701 61 vissantes, d’une sensibilité à fleur de peau,

184 2639 701 56 tandis que le trompette, pris par l’am¬

186 2674 696 60 blance, citait note pour note tout un cho¬

182 2709 703 56 rus de - Shake that thing » d’Ethel Wa¬

184 2748 70 56 ters

189 2788 700 54 Seule misa à côté la jolie Lu Eliott. qui

184 2823 701 61 chanta quatre rengaines de Broadway, et

184 2865 703 56 se fit copleusement huer... que voulez-vous,

182 2898 595 63 ce 15 lanvier, Pleyel avait le blues.

588 2951 299 54 Bernard NIQUET.

233 3070 612 63 NEW VORK SCENE A PARIS SEINE

198 3145 694 61 * Le samedi 18 novembre, le quartette

191 3189 703 54 Charles Lloyd a donné deux concerts au

193 3224 701 52 Village Theatre. Le pianiste du groupe,

193 3259 699 59 Keith larret, a non seulement ravi l’au¬

191 3292 701 56 ditoire par des solos d’une technique

193 3332 703 53 éblouissante, mais a également joué du

189 3364 705 61 sax-soprano, dans un échange très amu¬

189 3404 705 51 sant avec Charles Lloyd. Le quartette de

193 3437 703 56 Lloyd était précédé du pianiste Andrew

196 3472 696 58 Hill, celui-ci dirigeant un ensemble de 7

191 3509 705 56 musiciens, parmi lesquels on pouvait

191 3544 696 54 reconnaître Woody Shaw à la trompette,

191 3579 705 54 Bobby Brown à l’alto, et Sam Rivers au

189 3619 98 53 ténor.

203 3672 693 56 * Le 25 novembre, Billy Taylor et Del

193 3712 701 51 Shields, dirigeants et Disc-lockeys de la

191 3747 703 54 chaine de radio noire W.L.l.B., ont pré¬

191 3782 701 56 senté un concert à Carnegie Hall : - Ho¬

193 3819 703 52 liday Midnite lazz Concert ». Ce concert

196 3852 700 56 s’est déroulé en trois parties, démarrant

196 3889 703 56 à minuit pour se terminer à trois heures

191 3924 705 56 du matin. Tout d’abord, il y eut une sorte

189 3957 712 68 de guitar workshop, avec Bill Harris,

966 3210 708 56 Grant Green, Attila Zoller et George Ben¬

966 3245 703 61 son. Les morceaux les plus remarquables

966 3283 705 58 pour chaque musicien furent un très beau

969 3318 700 56 Cherokee, à la guitare non amplifiée, et

964 3355 703 58 non accompagnée, par Bill Harris, suivi de

971 3388 698 56 - Revoir Paris » par Grant Green, « Wil¬

969 3420 702 61 lows Weep For Me » à la quitare élec¬

966 3455 703 61 tronique par Benson, et finalement « Djan¬

969 3493 700 63 90 » (naturellement), par Zoller. Pour ces

966 3532 703 54 trois derniers musiciens, la section rythmi¬

966 3563 703 63 que se composait de Harold Mabern au

966 3605 705 56 piano, Chris White à la basse, et Rudy

969 3637 700 61 Collins aux drums. Vers la fin du set, Ken¬

966 3668 705 63 ny Burrel fit une courte apparition et joua

964 3707 707 59 un fantastique - Con Alma ». Deuxième

966 3742 703 61 partie : la chanteuse Lorez Alexandria,

966 3782 703 56 fortement enrhumée, accompagnée par le

966 3812 703 59 trio de Winton Kelly avec Cecil McBee à

969 3850 700 58 la basse et limmy Cobb à la batterie. Ces

966 3887 703 56 musiciens firent strictement office d’ac¬

964 3917 710 56 compagnateurs, et on aurait pu aisément

964 3952 712 63 se passer de la mère Alexandria, avec

1737 3196 705 66 ou sans rhume... (un peu méchant, ça..

1739 3243 696 54 faut que je me surveille, ou sans ca je

1742 3276 700 60 vals finir par parler comme un - Critique

1739 3315 586 54 de lazz » (Majuscules obligatoires).

1744 3350 693 56 La troisième partie du concert fut peut¬

1739 3383 701 56 être un des moments les plus chouettes

1742 3420 695 54 en lazz dont j’ai été témoin durant 1967 :

1746 3453 691 56 les trompettes K. D. (Kenny Dorham), et

1744 3488 698 56 Blue Mitchell. Une bossa-nova, merveil¬

1742 3523 695 63 leuse de lyrisme, de souplesse, de swing.

1742 3563 702 58 et de sensualité musicale, un p'tit truc

1739 3595 526 59 composé en vitesse par K. D.

2323 3595 117 49 . Blue

1742 3637 156 52 Bossa »

1910 3633 530 53 l’ai pris un pied du tonnerre,

1742 3670 702 51 et j’aurais aimé que vous soyez tous la

1742 3703 698 56 avec moi, mes chéris. Deux ballades en¬

1742 3735 698 56 suite : - l’m a Fool to Want You “ par

1742 3773 695 56 Mitchell, et « My One and Only Love »

1742 3805 700 61 par K. D. Une lam-sesslon finale, un peu

1739 3847 701 52 bordélique comme toutes les jam-sessions.

1744 3882 700 54 et qui, aussi paradoxal que cela puisse

1737 3910 705 68 paraître, sonnait un peu comme les meil¬

1739 3945 698 80 leurs momente du “- lazz de Paris »

2395 3997 63 67 3

1604 3115 168 70 B. B. King.
