2480 3197
129 86 0 48 A
178 84 77 50 gauche
289 83 0 50 :
328 83 59 50 Ustad
432 86 76 46 Ghulam
557 85 91 47 Hussein

129 124 50 41 Khan
220 124 86 41 (sitar);
338 125 154 41 accompagné
524 126 33 40 par
592 126 59 40 Uztad

126 156 129 44 Nizamudda
288 157 48 42 Khan
372 157 73 42 (tabla)
475 158 15 41 et
517 158 84 41 Pratima
634 159 18 39 S.

126 191 74 39 Pereah
243 191 114 41 (tampura)
394 191 37 42 lors
474 191 40 43 d’un
557 191 98 45 concert.

131 222 60 49 Photo
226 222 80 49 Vogue.

124 428 118 51 zistique,
270 429 10 49 le
315 429 76 49 public
429 429 104 49 présent
565 430 27 47 fut
624 430 111 47 unanime
769 431 11 45 à
807 431 136 45 apprécier
974 432 55 43 cette
1068 432 111 43 musique

122 474 99 41 tarana.

121 513 17 46 Le
177 512 78 47 tarana
291 512 56 47 peut
379 512 106 48 swinger
517 511 57 49 dans
609 511 60 49 toute
708 510 149 50 l’acception
892 510 145 51 jazzistique
1073 509 21 52 du
1129 509 57 52 mot,

120 552 18 41 et
177 552 48 41 tout
261 552 114 42 amateur
415 552 18 42 de
478 552 42 42 jazz
562 552 18 42 se
625 552 102 43 laissera
772 552 102 43 prendre
919 552 55 43 sans
1016 552 9 44 le
1070 552 108 44 moindre

123 584 84 48 besoin
244 584 194 48 d’explication.
464 585 154 46 Soulignons
652 586 150 44 cependant
829 586 53 43 ceci
909 586 0 43 :
936 586 10 43 la
979 586 110 43 musique
1123 587 63 41 clas¬

123 625 66 41 sique
226 625 113 42 indienne
377 625 57 42 peut
465 625 41 42 être
547 625 207 43 grossièrement
786 625 88 43 divisée
911 625 19 43 en
971 625 57 44 deux
1062 625 126 44 genres:

123 658 54 38 celle
211 658 38 38 qui
275 659 0 37 «
299 659 110 38 swingue
438 659 0 38 »
470 659 16 38 et
513 659 37 38 qui
577 660 93 38 devrait
697 660 104 38 exercer
828 661 21 37 un
881 661 70 37 grand
985 661 80 38 attrait
1089 662 88 37 auprès

121 696 39 41 des
196 695 125 43 amateurs
354 695 19 43 de
409 694 43 44 jazz
485 694 19 44 et
534 694 52 45 celle
622 693 36 46 qui
685 693 19 46 ne
744 693 0 46 «
767 693 108 47 swingue
904 692 0 48 »
937 692 56 48 pas.

122 740 59 34 Pour
216 740 90 35 l’indien
346 740 38 35 qui
413 740 19 35 ne
469 740 102 35 connaît
603 740 37 35 pas
678 740 8 36 le
726 740 59 36 jazz,
811 740 11 36 la
859 740 110 36 musique
1009 740 37 37 non
1086 740 0 37 «
1111 740 72 37 Swin¬

123 777 115 41 guante»
277 777 56 40 peut
370 777 42 40 être
454 777 73 39 aussi
558 777 76 39 belle.
665 776 39 39 Les
746 776 90 39 mêmes
878 776 157 38 différences
1074 776 113 38 peuvent

119 813 43 34 être
203 813 68 34 faites
309 813 8 35 à
350 813 134 35 l’intérieur
520 813 18 35 de
581 813 8 35 la
629 813 112 36 musique
779 813 97 36 tarana.
909 813 7 36 Il
949 813 74 37 existe
1061 813 20 37 un
1122 813 56 37 style

118 850 79 36 tarana
242 850 39 36 que
326 850 121 36 chantent
484 850 106 36 certains
635 850 89 36 grands
768 850 133 36 chanteurs
943 850 94 36 indiens
1082 850 37 36 qui
1156 850 20 36 ne

122 880 0 38 «
148 880 109 38 swingue
286 880 0 38 »
319 880 38 39 pas
392 880 18 39 du
445 880 50 39 tout
525 880 17 39 et
569 880 38 39 qui
633 880 106 40 n’aurait
766 880 73 40 aucun
874 880 92 40 impact
992 880 38 41 sur
1060 880 9 41 le
1104 880 76 41 public

119 921 18 36 de
176 921 60 36 jazz.
262 921 68 36 Ainsi
359 921 57 37 Amir
447 921 53 37 Klan
536 921 37 37 qui
601 921 0 37 a
638 921 156 37 récemment
823 921 70 37 visité
925 921 26 38 les
987 921 143 38 Etats-Unis
1164 921 19 38 et

120 953 109 39 l’Europe
270 954 85 39 chante
399 954 36 39 des
476 954 79 40 tarana
596 955 38 39 peu
678 955 0 39 «
706 955 153 40 swinguants
889 956 17 39 ».
938 956 9 39 Il
979 956 47 39 n’en
1070 957 35 39 est
1141 957 38 39 pas

121 989 75 40 moins
226 989 142 41 considéré
395 990 36 40 par
461 990 129 41 beaucoup
623 990 94 42 comme
750 990 9 42 le
792 990 48 43 plus
873 990 69 43 grand
975 991 36 43 des
1045 991 135 44 chanteurs

121 1026 93 44 vivants
250 1027 18 42 de
307 1027 9 42 la
352 1027 112 42 musique
500 1028 126 40 classique
665 1029 18 39 de
722 1030 84 37 l’Inde.

120 1063 20 41 Le
178 1063 77 41 tarana
296 1064 34 40 est
362 1065 97 40 surtout
491 1065 52 40 joué
574 1066 35 39 sur
640 1066 21 39 un
698 1067 77 38 tempo
813 1068 26 37 vif
870 1068 18 37 et
919 1068 135 38 intervient
1086 1069 8 37 le
1132 1070 46 36 plus

121 1101 109 42 souvent
259 1101 9 42 à
297 1101 10 42 la
342 1101 19 42 fin
400 1101 44 43 d’un
486 1101 0 43 «
509 1101 80 43 raga»
624 1101 35 44 qui
688 1102 86 43 débute
810 1102 38 43 par
880 1102 16 44 un
935 1102 0 44 «
960 1102 122 45 gilampet
1104 1102 0 45 »
1137 1102 48 45 lent

119 1140 18 42 et
169 1140 19 46 un
225 1140 0 46 «
253 1140 51 46 drut
326 1141 0 44 »
360 1141 119 44 médium.
507 1141 38 43 Les
583 1141 97 43 paroles
714 1142 19 41 du
774 1142 0 41 «
799 1142 50 41 drut
871 1142 0 41 »
906 1142 15 40 se
959 1142 132 40 changent
1122 1143 53 38 dans

117 1177 10 37 le
167 1177 81 37 tarana
288 1177 37 37 par
363 1177 37 38 des
440 1178 54 37 sons
534 1178 160 37 inarticulés,
726 1178 102 37 chantés
868 1178 56 38 avec
964 1179 155 37 complexité
1156 1179 19 37 de

119 1213 80 37 toutes
240 1213 80 37 sortes
362 1213 19 38 de
424 1213 104 38 façons.
563 1213 69 38 C’est
667 1214 37 37 une
747 1214 61 37 sorte
851 1214 19 37 de
913 1214 74 38 chant
1022 1214 64 38 scat.
1118 1214 59 38 Mais

121 1246 47 36 d’un
212 1247 52 36 scat
303 1247 37 37 qui
376 1248 75 36 serait
488 1248 91 37 chanté
618 1249 36 37 par
693 1250 39 36 des
774 1250 135 37 chanteurs
954 1251 145 37 possèdant
1136 1253 39 36 une

121 1278 43 45 voix
196 1279 238 45 particulièrement
459 1280 123 44 exercée,
603 1281 35 43 aux
669 1282 157 43 possibilités
857 1283 151 43 techniques
1036 1284 138 42 inconnues

120 1317 56 40 dans
209 1318 10 39 le
256 1318 110 41 domaine
403 1319 19 40 du
458 1319 62 41 jazz.
545 1320 43 41 Des
624 1320 136 43 chanteurs
794 1321 92 43 comme
923 1322 64 43 Louis
1024 1323 160 44 Armstrong,

120 1351 44 42 Cab
208 1352 123 44 Calloway
372 1353 17 44 et
427 1353 44 46 plus
515 1354 157 48 récemment
710 1355 37 48 des
785 1355 96 47 Double
921 1356 52 43 Six,
1007 1357 65 40 Clark
1119 1358 58 37 Terry

119 1388 19 43 et
173 1388 58 43 Patty
273 1389 93 42 Waters
407 1390 39 41 ont
481 1391 19 40 pu
542 1391 51 40 faire
635 1392 148 39 sensation,
815 1393 54 38 mais
911 1394 74 46 aucun
1026 1395 19 42 ne
1090 1395 93 40 saurait

118 1426 111 44 rivaliser
262 1427 54 43 avec
355 1427 9 43 la
401 1427 93 43 facilité
524 1428 144 42 artistique,
695 1429 9 41 la
743 1429 129 41 technique
911 1430 178 40 éblouissante
1128 1431 48 39 d’un

119 1466 122 39 chanteur
270 1466 0 40 «
295 1466 144 41 swinguant
461 1466 0 41 »
493 1465 19 43 de
546 1465 98 44 tarana.

116 1499 22 44 En
178 1500 49 43 fait,
255 1500 9 43 la
304 1500 132 44 technique
476 1502 18 42 du
534 1502 77 42 tarana
651 1503 111 42 pourrait
792 1504 133 41 permettre
961 1505 10 40 à
1001 1506 19 40 un
1060 1506 120 40 chanteur

116 1541 22 37 de
175 1541 43 38 jazz
254 1542 114 39 d’élargir
399 1542 37 40 ses
473 1543 156 41 possibilités
666 1544 98 42 vocales
801 1544 18 43 au
856 1544 83 44 niveau
979 1545 37 44 des
1053 1545 120 46 meilleurs

116 1577 103 41 solistes
255 1577 18 41 du
309 1577 42 41 jazz
388 1577 211 42 contemporains

117 1619 30 48 On
186 1619 101 48 prétend
330 1620 36 46 que
408 1620 49 45 l’art
493 1620 17 45 du
552 1621 79 43 tarana
673 1621 62 42 s’est
768 1621 150 42 développé
951 1622 20 40 au
1013 1622 49 39 XIlle
1102 1623 72 38 siècle

117 1658 55 38 avec
208 1658 107 38 Hazarat
346 1659 60 37 Amir
437 1659 131 37 Khousrow
612 1660 36 37 qui
677 1660 57 37 était
763 1660 10 37 le
810 1661 117 36 musicien
966 1661 18 36 de
1021 1661 8 36 la
1065 1662 57 35 cour
1154 1662 18 35 du

117 1694 75 48 Grand
238 1694 105 48 Mongol
379 1695 89 47 Alladin
510 1695 79 47 Hhilji.
621 1695 20 47 Le
684 1696 68 46 grand
795 1696 79 46 maître
916 1696 82 46 actuel
1031 1697 19 45 du
1093 1697 82 45 tarana

117 1729 68 40 (dans
221 1729 8 40 le
263 1730 56 40 style
356 1730 0 40 «
381 1730 146 40 swinguant
546 1731 20 39 »)
591 1731 37 39 est
656 1731 73 40 Ustad
763 1731 87 40 Nissar
880 1732 104 39 Hussain
1018 1732 81 40 Khan.
1124 1733 51 39 John

118 1763 135 42 Hammond
287 1764 36 41 est
351 1765 138 40 convaincu
522 1766 57 40 qu’il
604 1766 160 40 deviendrait
792 1767 163 40 rapidement
980 1769 8 38 le
1022 1769 48 39 plus
1104 1770 75 38 popu¬

115 1795 51 46 laire
206 1796 123 45 chanteur
363 1798 76 43 indien
476 1799 38 42 aux
555 1800 157 41 Etats-Unis.
743 1802 19 39 La
803 1802 47 39 plus
891 1803 176 38 remarquable
1108 1805 72 36 chan¬

114 1832 67 47 teuse
226 1833 84 46 Tarana
348 1834 35 44 est
419 1834 115 44 Sunanda
576 1836 116 41 Patnaik.
721 1837 0 40 «
762 1837 36 40 Ella
839 1837 132 39 Fitzgerald
1013 1839 96 37 devrait
1141 1840 39 35 en¬

114 1870 80 43 tendre
236 1871 45 42 cela
323 1871 14 43 »,
372 1872 69 43 disait
476 1872 49 44 John
566 1873 136 44 Hammond
744 1874 17 44 et
796 1875 48 43 John
890 1875 97 44 Gensel
1018 1876 122 45 d’ajouter

119 1914 0 39 «
155 1914 10 40 Il
191 1915 49 41 faut
270 1915 39 42 que
348 1916 7 42 je
394 1916 10 43 la
440 1916 65 45 fasse
545 1917 117 47 entendre
698 1918 10 44 à
738 1918 78 43 Sheila
852 1919 82 47 Jordan
973 1920 17 44 ».
1019 1920 20 43 Si
1068 1920 30 41 les
1134 1921 45 38 lec¬

119 1950 59 36 teurs
221 1951 18 35 de
282 1951 0 35 «
320 1951 72 36 Down
432 1952 58 36 Beat
528 1952 0 37 »
568 1952 37 37 ont
640 1952 85 38 classé
760 1953 56 38 Ravi
851 1953 114 39 Shankar
1000 1954 94 39 second
1136 1955 38 39 des

113 1987 220 40 instrumentistes
380 1989 94 39 divers,
513 1990 17 39 en
577 1990 12 40 le
636 1990 171 42 considérant
845 1992 94 42 comme
986 1993 18 42 un
1054 1993 117 44 musicien

116 2026 17 37 de
181 2026 58 38 jazz,
275 2027 9 37 je
331 2027 73 38 pense
451 2027 36 38 que
534 2028 35 38 ces
616 2028 56 38 deux
716 2028 97 39 artistes
857 2029 115 39 auraient
1010 2029 21 39 de
1078 2030 94 39 bonnes

116 2056 109 44 chances
267 2057 19 44 de
331 2058 138 44 remporter
507 2059 10 43 la
558 2060 119 44 première
722 2061 61 44 place
828 2062 58 44 dans
927 2063 61 43 leurs
1030 2064 144 44 catégories

113 2094 183 46 respectives.

114 2131 20 48 Le
178 2131 80 49 tarana
302 2132 36 48 est
375 2132 20 48 un
442 2133 40 48 bon
525 2133 84 48 moyen
652 2134 60 48 pour
753 2134 50 48 faire
849 2134 124 49 connaître
1020 2135 50 48 l’art
1107 2136 73 48 vocal

113 2173 96 39 indien.
239 2174 58 39 Mais
333 2174 57 40 pour
423 2175 27 39 les
489 2175 48 40 plus
573 2176 115 40 sérieux,
715 2176 18 41 et
766 2177 54 41 avec
859 2177 18 41 un
916 2178 36 41 peu
991 2178 19 41 de
1049 2178 132 43 patience,

114 2209 9 46 le
164 2209 81 46 tarana
286 2210 97 45 devrait
418 2211 75 43 ouvrir
531 2212 9 42 la
581 2212 47 42 voie
669 2213 9 40 à
712 2213 19 40 de
772 2213 88 40 grands
901 2214 134 39 chanteurs
1076 2215 94 37 indiens

114 2248 91 37 comme
251 2249 8 36 le
304 2249 112 37 regretté
451 2249 83 38 Faiyaz
577 2250 80 38 Khan,
689 2250 27 38 les
761 2250 80 39 Dagar
881 2251 115 39 Brothers
1039 2251 32 39 (au
1117 2252 53 39 style

115 2280 0 41 «
140 2280 56 41 cool
216 2281 0 40 »
250 2281 56 40 sans
342 2282 121 40 vibrato),
488 2283 20 39 et
538 2283 127 39 Kesarbai
695 2284 90 38 Kerkar
819 2285 47 37 (qui
894 2285 101 38 s’arrêta
1032 2286 143 37 d’enregis¬

112 2312 46 52 trer
190 2313 10 49 il
232 2313 0 48 y
275 2314 0 45 a
314 2314 39 44 bon
395 2315 100 50 nombre
537 2316 121 48 d’années
697 2318 21 45 de
761 2319 85 43 crainte
888 2320 39 41 que
970 2321 28 39 les
1037 2322 135 37 imitateurs

114 2355 131 38 n’altèrent
275 2356 11 37 la
323 2356 88 37 pureté
441 2357 18 37 de
497 2357 37 37 son
572 2357 85 38 style).
684 2358 40 37 Les
759 2358 107 38 jazzmen
903 2359 211 38 parviendraient
1147 2360 32 37 ra¬

112 2390 132 40 pidement
278 2391 8 39 à
320 2391 81 40 savoir
437 2392 65 39 quels
544 2392 53 40 sont
631 2392 28 40 les
701 2393 132 40 chanteurs
872 2394 95 40 indiens
1009 2394 37 40 qui
1079 2395 0 39 «
1105 2395 73 40 swin¬

113 2426 76 42 guent
210 2427 0 42 »
251 2427 18 42 ou
313 2427 56 42 pas.
401 2428 65 42 Ceux
507 2429 38 41 que
586 2429 59 42 nous
683 2430 77 42 avons
801 2431 112 42 nommés
954 2432 50 41 font
1039 2432 68 42 partie
1151 2433 20 41 de

112 2465 54 38 ceux
202 2465 37 38 qui
270 2465 0 39 «
295 2465 146 41 Swinguent
464 2465 0 41 »

112 2502 38 39 Les
183 2502 137 40 chanteurs
353 2503 19 39 de
407 2503 41 40 jazz
481 2504 55 39 sont
563 2504 28 39 les
623 2504 63 40 seuls
719 2505 197 40 véritablement
944 2506 120 39 capables
1097 2507 71 39 d’être

112 2534 141 52 influencés
292 2536 39 50 par
363 2537 11 49 le
413 2537 99 49 tarana,
541 2539 67 47 étant
640 2540 39 46 par
714 2541 110 45 tradition
863 2542 117 44 réceptifs
1019 2544 22 42 et
1073 2545 99 41 ouverts

111 2578 38 36 aux
185 2578 73 37 sons,
286 2579 38 36 aux
360 2579 149 37 techniques
547 2580 18 36 et
595 2580 38 36 aux
669 2580 66 37 idées
773 2580 144 38 nouvelles.
945 2581 20 37 Le
1001 2581 79 38 tarana
1118 2582 55 37 peut

113 2605 40 43 être
193 2606 16 43 si
239 2607 0 42 «
264 2607 148 44 swinguant
430 2609 0 42 »
467 2609 68 43 qu’on
572 2610 110 43 pourrait
713 2612 9 41 le
759 2612 151 43 considérer
941 2614 92 42 comme
1070 2616 22 40 du
1129 2616 43 41 jazz

110 2644 31 45 tel
172 2645 55 44 qu’il
258 2646 46 43 est.
334 2646 80 43 Quant
448 2648 37 41 aux
525 2648 132 41 chanteurs
697 2650 18 39 de
752 2651 40 38 pop
832 2651 18 38 ou
893 2652 19 37 de
952 2653 67 36 rock,
1047 2654 18 35 ils
1102 2654 74 35 pour¬

111 2685 88 38 raient,
228 2686 53 38 mais
317 2686 38 39 par
384 2686 80 40 contre
502 2687 56 40 coup
593 2687 159 42 seulement,
778 2688 18 41 et
825 2688 38 42 par
893 2689 12 41 le
940 2689 162 43 truchement
1131 2690 38 43 des

112 2721 134 38 chanteurs
284 2722 18 37 de
340 2722 42 37 jazz
417 2722 48 38 (une
505 2723 38 37 fois
580 2723 38 37 que
655 2724 102 37 ceux-ci
786 2724 113 38 auraient
928 2725 115 37 assimilé
1072 2726 19 37 ce
1129 2726 48 37 lan¬

113 2758 86 41 gage),
230 2758 101 41 profiter
363 2759 8 40 à
403 2759 46 40 leur
483 2759 49 40 tour
567 2759 17 40 de
624 2759 35 41 cet
693 2760 233 40 enrichissement.
958 2760 8 40 Il
998 2761 26 39 n’y
1061 2761 0 39 a
1101 2761 67 39 qu’un

110 2792 147 40 problème,
286 2793 11 40 il
329 2793 46 41 leur
409 2794 109 41 faudrait
553 2795 17 40 de
613 2795 66 41 longs
719 2796 72 41 mois,
826 2797 37 41 des
903 2797 92 42 années
1035 2798 141 43 peut-être,

112 2827 173 41 d’incessants
322 2828 86 41 efforts
442 2829 21 40 et
494 2829 227 40 d’apprentissage
758 2830 103 39 (comme
902 2831 60 39 c’est
993 2831 9 39 le
1039 2831 38 39 cas
1114 2832 57 38 pour

110 2857 29 43 les
173 2858 248 45 instrumentistes),
446 2861 72 43 avant
550 2862 37 42 que
625 2863 25 42 les
688 2864 131 42 chanteurs
857 2866 19 41 de
913 2867 44 40 jazz
989 2868 66 40 aient
1083 2869 84 40 acquis

109 2896 9 43 la
160 2896 102 43 maîtrise
302 2898 39 41 des
380 2898 132 42 chanteurs
554 2900 112 40 indiens.
696 2901 75 39 Même
810 2902 27 38 les
876 2902 48 39 plus
963 2903 76 38 doués
1078 2904 90 37 d’entre

110 2932 28 39 les
175 2932 135 41 chanteurs
347 2933 15 40 se
402 2933 151 42 trouveront
584 2933 55 43 dans
676 2934 200 44 l’impossibilité
906 2934 102 45 d’imiter
1042 2935 9 44 le
1088 2935 80 45 tarana

109 2967 66 73 qu’ils
216 2968 143 74 entendent
389 2969 36 69 sur
461 2970 20 51 un
527 2971 81 71 disque
649 2972 56 68 sans
746 2972 15 63 un
807 2973 189 70 entrainement
1031 2975 145 69 approprié.

1312 87 36 53 Les
1381 86 133 53 chanteurs
1547 85 93 52 indiens
1673 84 158 51 consacrent
1857 84 36 49 des
1925 83 94 49 années
2051 83 22 47 de
2102 82 86 48 labeur
2213 82 58 46 pour
2300 81 72 46 déve¬

1309 133 88 39 lopper
1432 133 47 39 leur
1512 132 64 39 voix,
1606 132 50 39 tout
1688 131 91 40 comme
1820 130 27 40 les
1888 129 132 41 chanteurs
2062 128 105 41 d’Opéra
2209 128 17 41 en
2270 127 109 41 Europe.

1310 171 96 38 Notons
1442 171 27 38 ici
1500 170 36 38 que
1575 169 27 39 les
1638 168 96 40 indiens
1770 167 172 41 considèrent
1972 165 198 42 généralement
2200 164 10 43 la
2249 164 48 42 voix
2333 163 36 43 des

1313 203 132 40 chanteurs
1489 201 167 41 occidentaux
1698 200 108 41 d’Opéra
1847 199 91 41 comme
1983 198 47 41 anti
2062 197 114 42 naturelle
2220 196 18 42 et
2276 195 103 43 limitée.

1312 241 43 39 Une
1388 240 63 39 autre
1487 239 120 39 difficulté
1635 238 57 39 pour
1722 238 11 38 le
1766 237 118 39 musicien
1919 236 148 39 occidental
2091 235 63 38 vient
2185 235 19 38 de
2237 234 136 38 l’impossi¬

1312 277 64 39 bilité
1410 276 20 40 de
1470 275 133 40 transcrire
1646 274 192 41 correctement
1873 274 8 40 le
1924 273 81 41 tarana
2048 273 55 40 dans
2146 272 8 41 le
2197 271 107 42 système
2350 271 17 41 de

1311 313 106 40 notation
1464 312 158 41 occidentale
1669 312 59 41 ainsi
1766 312 38 41 que
1851 311 141 42 d’articuler
2033 310 101 43 nombre
2178 310 37 43 des
2259 309 110 44 syllabes

1309 348 126 39 obtenues
1473 347 37 39 par
1542 347 11 39 le
1590 347 163 38 mouvement
1785 347 19 37 de
1844 346 8 38 la
1892 346 102 38 langue.

1309 387 102 42 L’avant
1443 387 72 42 garde
1558 387 19 42 du
1620 387 43 42 jazz
1702 387 62 42 entre
1807 387 78 42 autres
1924 387 92 41 tirerait
2052 387 10 41 le
2101 387 46 41 plus
2189 387 69 41 grand
2301 387 72 41 profit

1310 429 20 38 de
1372 428 47 39 l’art
1453 427 73 39 vocal
1557 427 17 38 du
1616 426 78 39 tarana
1734 425 59 39 pour
1829 424 51 40 faire
1922 423 123 40 connaître
2087 422 17 40 sa
2146 421 129 41 musique,
2306 420 20 40 en
2368 420 0 40 y

1309 462 101 40 puisant
1443 462 19 39 un
1503 461 69 39 grand
1613 460 104 39 pouvoir
1752 460 17 38 de
1810 458 219 40 popularisation.
2059 458 22 38 En
2119 457 74 38 même
2234 456 93 38 temps,
2358 456 11 37 le

1309 500 44 45 jazz
1390 499 0 45 y
1428 498 138 45 trouverait
1598 498 37 43 une
1673 497 122 43 influence
1836 495 176 44 stabilisatrice
2053 495 38 41 qui
2122 494 91 41 semble
2251 493 122 41 actuelle¬

1307 536 65 41 ment
1399 535 28 42 lui
1455 535 135 41 manquer.
1614 534 68 42 Ainsi
1710 534 95 41 armés,
1829 533 28 42 les
1891 533 135 42 chanteurs
2060 532 147 42 pourraient
2235 531 132 43 permettre

1308 571 19 41 au
1366 570 44 42 Jazz
1449 570 16 42 de
1503 569 132 43 retrouver
1664 569 28 43 les
1728 568 99 44 faveurs
1865 567 16 45 du
1923 567 67 45 grand
2029 566 93 46 public.

1335 886 165 28 O••O
1546 886 72 25 =IA
1655 886 0 24 *
1694 886 0 23 &

1339 946 14 46 13
1388 944 57 47 mai,
1470 944 10 47 à
1505 943 21 48 21
1558 942 103 48 heures,
1689 940 60 49 Salle
1785 939 102 49 PLEYEL
1923 938 0 49 :
1951 936 113 51 ERROLL
2100 934 141 52 GARNER.

1333 1097 181 121 RADIO

1677 1256 118 63 FRANCE
1839 1257 145 62 MUSIQUE

1329 1346 38 55 Les
1409 1344 147 57 classiques
1598 1344 17 56 du
1657 1355 46 44 jazz
1741 1344 59 55 (tous
1842 1343 30 55 les
1910 1340 76 58 jeudis
2028 1345 21 52 de
2091 1341 17 56 23
2150 1345 0 52 h
2192 1342 12 55 à
2234 1340 21 56 24
2297 1337 30 59 h).

1330 1396 119 43 Emission
1487 1396 109 44 d’André
1631 1396 95 44 Francis
1761 1397 20 44 et
1812 1397 61 44 Wain
1911 1397 110 45 Nelson.

1348 1445 0 38 7
1382 1445 45 38 mai
1448 1445 0 38 :
1476 1445 100 38 l’œuvre
1612 1445 18 38 de
1670 1445 65 38 Dizzy
1772 1445 117 38 Gillespie
1926 1445 42 38 (8).

1331 1479 15 48 14
1389 1482 58 46 —:
1478 1479 8 49 Il
1517 1490 0 38 y
1551 1490 0 38 a
1586 1490 20 39 un
1640 1490 20 39 an
1699 1477 186 53 disparaissait
1912 1478 120 53 Coleman
2067 1477 131 55 Hawkins.

1329 1532 18 45 21
1382 1532 0 45 —
1438 1532 0 44 :
1467 1532 53 44 Cité
1555 1532 18 44 du
1611 1531 47 44 Jazz
1693 1531 0 44 :
1727 1531 44 43 New
1825 1531 47 43 York
1913 1531 44 42 (2).

1327 1570 20 44 28
1391 1570 0 44 —
1448 1570 3 45 :
1478 1570 46 45 Jazz
1558 1570 100 46 Journal
1691 1570 71 46 1970.

1327 1639 47 41 Jazz
1411 1638 80 46 vivant
1525 1638 40 49 (les
1605 1637 127 49 samedis,
1762 1637 20 46 de
1822 1636 17 46 19
1876 1636 0 45 h
1919 1636 17 44 15
1972 1636 10 43 à
2016 1636 13 43 19
2069 1635 0 43 h
2110 1635 50 42 40).

1350 1683 0 39 9
1387 1683 43 39 mai
1459 1683 0 39 :
1492 1683 45 39 Full
1567 1683 69 39 Moon
1676 1683 129 39 Ensemble
1845 1683 19 39 de
1904 1683 24 39 C.
1960 1683 121 39 Delcloo.

1328 1730 19 46 23
1389 1728 0 43 —
1450 1725 0 49 :
1477 1722 95 55 Michel
1603 1723 95 53 Roques
1736 1725 12 51 à
1779 1726 175 48 Courchevel.

1343 1774 0 41 6
1380 1774 37 41 juin
1445 1774 0 41 :
1476 1774 18 41 Le
1531 1773 71 42 grand
1639 1773 129 42 orchestre
1805 1773 18 42 de
1860 1772 80 43 Sonny
1977 1772 77 43 Grey.

1326 1821 184 63 Rendez-vous
1545 1828 18 54 en
1604 1816 76 66 stéréo
1720 1817 176 64 (dimanches,
1922 1822 23 57 de
1985 1816 14 62 19
2035 1822 0 56 h
2075 1822 18 55 35
2129 1815 9 62 à
2165 1817 18 59 20
2219 1823 0 53 h
2259 1815 49 60 30).

1326 1882 118 39 Emission
1485 1882 110 38 d’André
1628 1882 112 38 Francis.

1343 1925 0 44 3
1379 1924 45 44 mai
1446 1924 0 44 :
1473 1924 48 43 Jazz
1554 1922 169 44 traditionnel
1750 1922 18 42 et
1798 1921 148 43 Dixieland.

1333 1967 17 43 10
1395 1967 0 42 —
1474 1967 0 42 :
1498 1967 50 41 John
1584 1967 100 41 Surman
1719 1967 9 39 à
1755 1967 94 39 Bilsen.

1330 2004 16 48 17
1389 2014 0 39 —
1444 2014 0 40 :
1476 2003 71 53 Sarah
1590 2003 114 57 Vaughan
1748 2009 15 44 au
1807 2001 59 57 Paris
1905 2003 47 52 Jazz
1992 2007 122 46 Festival.

1324 2054 18 50 24
1387 2054 59 50 —:
1474 2054 17 50 Le
1533 2054 69 49 grand
1640 2054 129 49 orchestre
1810 2053 18 49 de
1869 2053 63 49 l’UER
1973 2053 11 49 à
2015 2053 146 49 Amsterdam
2209 2053 98 48 (1969).

1323 2102 22 52 31
1386 2101 0 44 —
1445 2101 0 50 :
1474 2099 118 55 Maynard
1629 2097 144 55 Fergusson
1809 2097 19 53 et
1857 2096 56 54 Kurt
1942 2094 162 55 Edelhagen.

1328 2166 55 39 Tous
1421 2166 29 38 les
1488 2166 61 37 jours
1591 2166 6 36 à
1633 2156 16 46 19
1687 2158 106 43 heures.

1323 2209 172 44 (Programme
1540 2208 36 43 non
1621 2205 205 45 communiqué.)

1313 2260 58 50 JJazz
1409 2259 33 52 s’il
1471 2263 54 48 vous
1562 2261 58 50 plaît
1650 2261 62 51 (tous
1745 2271 29 41 les
1811 2259 113 54 samedis
1961 2269 17 44 de
2019 2255 17 58 19
2069 2263 0 50 h
2110 2259 17 54 15
2164 2255 9 59 à
2202 2262 16 52 20
2256 2254 30 60 h).

1323 2317 121 45 Emission
1483 2317 109 46 d’André
1628 2316 124 47 Clergeat
1773 2316 0 47 :
1808 2316 103 47 disques
1950 2316 11 47 à
1993 2316 7 48 la
2042 2316 142 48 demande.

1706 2426 118 49 FRANCE
1864 2426 74 49 INTER

1323 2497 46 62 Jazz
1406 2499 37 60 sur
1480 2495 69 64 Seine
1586 2497 60 62 (tous
1687 2494 28 65 les
1752 2493 110 66 samedis
1904 2502 18 57 de
1964 2496 13 60 23
2019 2499 0 51 h
2060 2491 19 58 30
2116 2501 9 49 à
2153 2495 0 56 0
2194 2501 0 51 h
2236 2504 50 51 30).

1322 2557 118 46 Emission
1483 2560 111 42 d’André
1627 2562 114 39 Francis.

1339 2602 0 47 2
1375 2602 46 47 mai
1442 2602 0 47 :
1471 2602 114 47 Festival
1613 2602 18 47 de
1674 2602 202 47 Super-Besse.

1338 2653 0 37 9
1374 2652 0 39 —
1432 2651 0 42 :
1461 2650 65 47 Dizzy
1570 2647 116 50 Gillespie
1729 2646 11 48 à
1773 2644 131 53 l’O.R.T.F.

1322 2697 16 38 16
1383 2698 0 38 —
1441 2698 0 39 :
1470 2698 109 42 Festival
1608 2699 19 41 de
1666 2700 164 44 Stockholm.

1320 2736 19 52 23
1384 2736 0 52 —
1440 2737 0 51 :
1470 2737 83 51 Soirée
1594 2738 53 50 1970
1680 2738 12 50 à
1718 2738 154 50 l’Académie
1909 2739 19 49 de
1965 2740 64 48 Jazz.

1320 2784 17 41 30
1379 2785 0 40 —
1441 2786 0 39 :
1470 2786 109 39 Festival
1608 2788 19 37 de
1664 2788 130 37 Lubliana.

1322 2846 133 45 Connaître
1493 2846 10 45 le
1540 2846 45 45 jazz
1622 2845 58 46 (tous
1721 2845 27 46 les
1786 2845 75 46 lundis
1898 2844 17 47 de
1956 2844 21 47 21
2011 2844 0 47 h
2052 2844 17 47 15
2106 2843 11 48 à
2144 2843 17 48 22
2198 2843 31 48 h).

1319 2882 117 69 Emission
1478 2893 19 51 de
1539 2884 85 67 Lucien
1666 2889 94 62 Malson
1802 2886 169 62 (programme
2013 2885 37 59 non
2092 2882 211 67 communiqué).

2315 3033 27 60 23
