2469 3171
1298 72 21 56 Le
1365 72 105 56 Samedi
1512 80 17 48 11
1571 78 68 50 avril,
1672 71 219 57 enregistrement
1933 72 55 56 chez
2030 68 76 60 Pathé
2148 68 113 60 Marconi
2299 74 55 54 avec

1299 126 67 41 Frank
1402 125 104 42 Wright,
1529 125 64 43 Noah
1630 125 120 43 Howard,
1774 124 80 44 Bobby
1891 124 60 44 Few,
1977 124 131 45 Mohamed
2145 124 33 45 Ali
2201 123 21 46 et
2248 123 107 46 l’anglais

1299 160 54 59 Pete
1389 163 101 69 Brown.

1299 310 109 54 Disques
1442 324 21 40 en
1501 310 160 54 préparation
1699 320 38 44 aux
1774 308 89 56 U.S.A.
1892 320 0 44 :
1922 306 21 58 un
1981 306 113 58 nouveau
2132 304 118 60 Jean-Luc
2288 309 67 55 Ponty

1298 361 54 37 avec
1392 360 67 38 Frank
1498 360 81 37 Zappa
1618 360 8 37 à
1655 360 10 37 la
1704 359 89 37 guitare
1832 359 58 37 dans
1926 359 29 37 les
1994 358 47 37 plus
2080 358 115 37 célèbres
2234 357 130 37 composi¬

1300 396 56 37 tions
1394 396 19 37 de
1450 395 101 39 Zappa.
1576 395 97 39 (Autres
1710 394 135 41 musiciens
1883 394 0 41 :
1914 393 113 42 Georges
2065 393 81 42 Duke,
2171 393 51 43 John
2262 392 104 44 Guerin,

1299 433 28 37 lan
1370 432 181 38 Underwood,
1582 431 61 39 Ernie
1686 431 99 39 Watts.)
1821 430 25 40 Un
1889 430 86 40 double
2018 429 64 41 album
2135 429 61 41 Duke
2242 428 114 42 Ellington

1299 467 148 38 enregistré
1472 467 21 38 en
1527 467 74 39 public
1635 466 9 40 à
1669 466 107 40 Londres
1810 466 9 40 à
1844 465 135 41 l’occasion
2016 465 19 41 du
2072 464 30 43 70°
2133 463 172 44 anniversaire
2339 463 19 44 du

1300 505 83 37 Duke.
1412 504 24 37 Un
1474 504 93 37 second
1604 503 91 38 Jeremy
1735 503 80 37 Steig,
1845 502 19 37 un
1901 502 123 37 troisième
2067 501 53 37 Elvin
2157 501 70 37 Jones
2264 500 19 37 et
2315 500 51 37 sur¬

1301 540 47 39 tout
1377 540 9 39 le
1421 539 97 40 dernier
1548 538 64 41 album
1656 538 18 40 de
1712 538 86 40 Wayne
1836 537 103 41 Shorter
1968 536 180 42 (uniquement
2177 536 18 41 au
2230 535 138 42 soprano),

112 119 370 57 INFORMATIONS

333 230 268 83 QUELQUES
675 233 268 77 FESTIVALS

115 320 141 53 FESTIVAL
296 318 26 52 DE
365 317 128 52 VITZNAU

118 375 0 46 A
158 374 95 46 Vitznau
290 373 116 46 (Suisse)
438 373 18 45 du
494 373 16 44 16
547 372 16 44 au
604 372 12 44 18
654 372 53 43 mai,
735 371 110 44 Festival
873 371 19 42 de
930 370 44 43 Jazz
1008 370 54 42 avec
1099 369 69 42 Mario

116 414 204 51 Schneeberger
368 413 51 48 trio,
463 412 102 47 Mammi
613 411 102 45 Planzer
759 411 31 43 big
844 410 75 43 band,
967 409 75 42 Swing
1096 408 75 40 house

113 451 107 44 septett,
253 446 74 49 Bruno
367 445 118 49 Spoerris
522 443 70 51 J.R.E.
625 445 19 49 et
673 446 33 48 Jam
754 447 141 46 Sessions.

115 508 141 57 FESTIVAL
298 508 23 52 DE
367 507 190 51 NUREMBERG

116 565 0 41 A
156 564 154 42 Nuremberg
349 563 174 43 (Allemagne)
555 563 20 43 du
611 563 16 43 29
667 562 16 44 au
719 562 20 44 31
775 562 55 44 mai,
857 561 137 45 Svatopluk
1030 560 135 46 Kosvanek

116 598 52 46 Laco
203 598 69 45 Dezi,
297 597 174 46 Wlodzimierz
502 597 129 44 Nahorny,
655 596 111 44 Manfred
801 596 108 43 School,
930 595 100 44 Jaromir
1058 595 105 43 Hnilinka

122 634 98 44 Tomasz
258 634 111 43 Stanko,
400 633 80 44 Kenny
522 632 128 44 Wheeler,
685 632 83 44 Herbie
813 631 83 44 Mann,
931 631 80 44 Sonny
1053 630 111 44 Sharock

116 669 42 46 Roy
196 669 90 45 Ayers,
318 668 70 45 Steve
427 668 115 44 Marcus,
575 668 48 42 John
664 668 119 41 Surman,
815 668 35 40 Stu
892 667 100 40 Martin,
1020 667 68 39 Barre
1129 667 52 38 Phi¬

113 709 55 43 lips,
198 708 82 43 Albert
307 706 208 45 Mangelsdorff,
542 706 48 44 Phil
620 705 109 44 Woods,
757 704 88 44 Daniel
876 703 109 45 Humair,
1012 703 61 44 Dave
1114 702 65 44 Pike,

118 748 31 46 Joe
196 747 78 46 Viera,
309 746 34 45 Art
381 745 107 45 Farmer,
522 744 60 44 Slide
626 742 138 44 Hampton,
798 742 75 42 Lucky
920 740 154 42 Thompson,
1109 739 62 40 Brian

1303 579 55 30 avec
1397 579 50 30 John
1488 579 31 30 Mc
1560 579 111 31 Laughlin
1714 579 19 31 et
1769 579 82 31 Sonny
1892 579 142 31 Sharrock,
2067 579 116 32 Miroslav
2231 579 74 32 Vitous
2349 579 16 32 et

1298 611 50 66 trois
1384 611 127 67 batteurs,
1543 611 55 64 dont
1629 611 46 66 Jack
1716 611 18 66 de
1770 611 110 67 Johnette
1916 611 18 66 et
1966 611 68 64 Chick
2075 611 91 62 Corea.

2074 664 92 48 Michel
2204 665 164 51 DELORME.

1302 837 20 43 Le
1365 840 32 40 trio
1440 833 20 48 de
1503 831 115 50 Georges
1657 829 131 53 Arvanitas
1831 832 63 50 vient
1930 829 154 54 d’effectuer
2119 838 36 45 une
2198 835 103 49 tournée
2340 833 20 51 en

1302 880 77 41 ltalie.
1401 879 13 42 Il
1437 879 60 42 s’est
1526 878 157 43 notamment
1712 878 96 43 produit
1837 877 112 44 pendant
1978 877 16 44 11
2026 876 61 45 jours
2119 876 19 45 au
2173 875 96 46 Whisky
2305 875 51 46 Club

1304 916 19 38 de
1358 915 109 39 Bologne
1503 914 19 40 et
1551 914 16 41 au
1605 913 67 42 Piper
1701 913 55 42 Club
1794 913 16 42 de
1849 912 67 43 Rome
1954 911 103 44 (Temple
2095 911 20 45 de
2150 910 10 46 la
2195 910 38 46 Pop
2272 909 93 47 Music)

1304 954 26 36 où
1362 953 9 37 il
1403 952 74 38 obtint
1512 952 20 38 un
1573 951 26 39 vif
1631 950 109 40 succès.
1769 949 19 41 Le
1830 949 32 42 trio
1904 948 77 43 donna
2022 946 148 45 également
2202 945 19 46 un
2263 944 106 47 concert

1301 990 10 35 à
1345 989 73 36 Ternie
1457 989 55 35 avec
1549 988 18 36 au
1606 987 73 37 même
1716 986 177 37 programme,
1919 985 117 37 Jean-Luc
2078 984 68 37 Ponty
2185 983 182 38 accompagné

1302 1025 37 39 par
1371 1024 38 40 une
1446 1024 135 40 rythmique
1616 1023 94 41 locale.
1735 1023 19 41 Le
1792 1022 116 42 Georges
1946 1021 129 43 Arvanitas
2109 1021 35 43 trio
2181 1021 47 43 doit
2257 1020 19 44 se
2313 1020 54 44 pro¬

1304 1060 58 37 duire
1403 1060 21 37 au
1465 1059 109 38 Festival
1609 1059 17 38 de
1671 1059 105 38 Pescara
1817 1058 21 39 et
1870 1058 79 39 jouera
1993 1058 56 39 dans
2090 1058 18 39 un
2152 1057 44 40 club
2240 1057 18 40 de
2302 1057 55 40 cette

1304 1093 42 50 ville
1386 1093 21 50 (le
1449 1093 121 50 Torlinga)
1602 1092 22 49 du
1663 1092 17 48 16
1716 1092 21 46 au
1776 1092 18 39 20
1833 1092 79 42 juillet.

1302 1247 157 56 L’orchestre
1495 1247 225 56 tchécoslovaque
1760 1263 0 40 «
1792 1245 132 58 Storyville
1960 1250 45 53 Jazz
2041 1245 60 58 Band
2137 1261 0 42 »
2173 1261 40 42 qui
2241 1261 121 42 remporta

1301 1300 53 37 trois
1400 1299 91 38 années
1538 1298 185 39 consécutives
1767 1298 9 39 la
1823 1298 74 40 coupe
1944 1297 38 41 des
2026 1297 141 41 meilleures
2214 1296 146 42 formations

1300 1335 190 67 universitaires
1531 1335 41 67 fera
1613 1335 36 67 une
1686 1335 104 67 tournée
1827 1335 18 44 en
1886 1335 86 44 Suisse
2013 1335 36 44 cet
2081 1335 45 56 été.

1304 1516 20 53 Le
1360 1516 48 53 Jazz
1440 1516 169 53 Composer's
1649 1514 136 54 Orchestra
1821 1515 164 53 Association
2021 1527 0 41 a
2057 1516 161 52 récemment
2250 1509 120 58 annoncé

1306 1567 56 38 qu’il
1404 1566 63 42 avait
1512 1565 108 46 préparé
1666 1565 20 39 un
1741 1564 154 47 programme
1951 1564 55 40 pour
2055 1562 220 46 commissionner
2324 1562 39 43 des

1305 1605 190 36 compositeurs
1540 1605 37 35 qui
1611 1605 136 35 écriraient
1785 1605 19 34 de
1851 1604 129 34 nouvelles
2024 1604 99 34 œuvres
2168 1603 131 34 destinées
2343 1603 18 33 au

1302 1640 118 37 J.C.O.A.
1453 1640 9 37 Il
1498 1639 76 38 serait
1613 1639 112 38 question
1770 1639 20 38 de
1834 1639 110 39 prévoir,
1980 1639 53 39 dans
2078 1638 28 40 les
2151 1638 56 40 deux
2249 1638 39 40 ans
2330 1638 40 40 qui

1303 1676 132 38 viennent,
1462 1676 10 38 la
1511 1675 147 39 commande
1697 1675 18 39 de
1754 1674 27 40 dix
1817 1674 100 41 œuvres
1953 1673 21 42 (à
2001 1673 78 42 raison
2118 1672 18 43 de
2175 1672 0 43 2
2203 1672 36 43 000
2275 1671 87 44 dollars

1304 1714 39 38 par
1379 1713 99 38 œuvre)
1515 1713 36 37 que
1593 1712 146 38 l’orchestre
1781 1712 133 36 incluerait
1948 1712 8 35 à
1989 1711 40 36 son
2070 1711 136 35 répertoire
2248 1710 18 35 et
2300 1710 70 35 enre¬

1306 1748 126 39 gistrerait
1465 1747 58 40 pour
1556 1747 17 40 sa
1615 1746 82 41 propre
1738 1745 97 43 marque

1305 1789 19 41 La
1356 1787 119 43 première
1513 1786 80 43 saison
1629 1785 19 43 de
1683 1783 147 44 l’orchestre
1866 1782 35 44 est
1930 1781 86 45 prévue
2051 1780 58 45 pour
2141 1779 80 46 l’hiver
2253 1777 119 47 1970-71.

1303 1834 45 38 Don
1394 1833 104 40 Cherry,
1529 1833 38 40 qui
1598 1832 98 42 figurait
1730 1831 91 43 comme
1862 1830 84 45 soliste
1987 1829 56 46 dans
2081 1828 10 48 le
2133 1827 125 49 J.C.O.A.,
2289 1827 0 50 a
2331 1826 38 51 été

1303 1870 82 57 choisi
1415 1869 94 59 comme
1543 1869 13 47 le
1590 1868 107 61 premier
1727 1868 82 60 artiste
1847 1867 216 60 commissionné.

1305 2043 17 51 Le
1364 2054 122 40 drummer
1520 2044 93 51 Jerome
1651 2038 101 57 Cooper
1786 2045 37 50 qui
1857 2039 55 56 était
1946 2038 55 57 venu
2043 2036 8 59 à
2081 2038 63 58 Paris
2182 2044 55 52 avec
2275 2038 88 58 Roland

1304 2094 45 37 Kirk
1388 2093 16 39 et
1439 2093 0 39 y
1477 2093 58 39 resta
1577 2092 122 41 quelques
1737 2091 148 43 semaines,
1911 2091 86 43 jouant
2029 2090 161 45 notamment
2222 2089 54 47 avec
2315 2089 55 47 l’Art

1302 2129 151 55 Ensemble,
1484 2129 31 47 est
1550 2129 93 55 reparti
1670 2128 58 56 pour
1763 2128 81 54 Dakar
1875 2128 58 54 avec
1972 2128 39 52 Lou
2050 2128 117 51 Bennett.

1774 2210 1 44 *
1826 2210 1 50 *
1878 2210 1 46 *

1303 2291 24 57 UN
1385 2292 291 56 ENREGISTREMENT
1725 2297 25 51 DE
1804 2290 108 58 SIDNEY
1966 2290 120 58 BECHET
2136 2290 91 58 ASSEZ
2281 2290 91 58 RARE.

1304 2341 87 40 Disque
1430 2341 64 41 Delta
1530 2341 15 41 J.
1575 2341 69 42 1201.

1302 2411 74 46 Foolin
1425 2416 24 41 me
1498 2411 53 54 (a);
1588 2408 81 58 Under
1710 2408 32 56 the
1787 2410 78 56 creole
1909 2414 70 50 moon
2024 2406 52 51 (b);
2117 2409 37 49 The
2199 2411 28 49 old
2276 2414 29 47 ark
2349 2416 13 46 is

1302 2457 122 39 movering
1468 2456 31 42 (b)
1521 2456 0 42 ;
1559 2456 69 45 Uncle
1669 2456 34 36 Joe
1744 2456 31 45 (c)
1797 2456 0 36 ;
1832 2455 50 40 Blue
1926 2455 103 44 monday
2073 2455 19 35 on
2133 2454 75 44 sugar
2246 2454 37 40 hill
2315 2454 53 42 (c);

1303 2493 138 38 Spreadin'
1466 2493 30 38 joy
1529 2493 33 39 (d)
1583 2493 0 39 ;
1607 2492 96 40 Kansas
1736 2492 39 40 city
1808 2492 46 40 man
1887 2492 66 40 blues
1986 2491 33 41 (d)
2040 2491 0 41 ;
2064 2491 24 41 St
2115 2491 66 42 Louis
2215 2490 69 43 Blues
2317 2490 51 43 (e);

1300 2528 48 38 Jazz
1384 2528 27 38 me
1450 2527 63 39 blues
1552 2527 30 39 (e)
1603 2526 0 39 ;
1633 2526 30 39 l’Il
1690 2525 75 40 never
1795 2525 18 40 be
1853 2524 30 41 the
1919 2523 63 42 same
2021 2523 30 42 (e)
2072 2522 0 43 ;
2102 2522 18 42 l’m
2165 2522 0 42 a
2204 2521 48 43 little
2288 2520 30 44 bit
2348 2520 18 44 of

1301 2564 97 41 leather
1428 2564 54 42 (e);
1515 2564 24 43 As
1576 2564 46 45 long
1663 2564 16 46 as
1716 2564 0 46 l
1746 2564 37 47 live
1823 2563 30 49 (e)
1877 2563 0 40 ;
1907 2563 50 41 Wild
1997 2563 33 42 cat
2064 2563 63 44 blues
2164 2563 47 45 (f);
2241 2563 24 46 St
2298 2563 64 47 Louis

1302 2598 66 44 blues
1408 2600 31 46 (f).

1302 2646 31 47 (a)
1360 2646 121 48 Maureen
1523 2646 74 48 Englin
1640 2646 0 48 &
1683 2647 97 47 Bechet
1803 2647 0 47 :
1838 2647 47 48 mai
1920 2647 70 48 1924.

1302 2700 32 39 (b)
1363 2699 74 45 Noble
1476 2699 77 47 Sissle
1591 2698 135 46 Orchestra
1758 2698 0 42 :
1791 2698 16 41 15
1845 2697 55 41 août
1935 2697 68 39 1934.

1301 2737 31 48 (c)
1366 2735 65 50 Coot
1461 2735 77 50 Grant
1572 2736 0 49 &
1614 2737 42 48 Sox
1694 2738 88 47 Wilson
1816 2739 0 46 :
1847 2739 45 46 mai
1927 2740 68 45 1938.

1302 2780 32 50 (d)
1365 2780 95 50 Bechet
1496 2785 0 45 &
1535 2780 44 50 Bob
1622 2776 88 54 Wilber
1737 2786 0 44 :
1769 2775 71 55 Radio
1884 2785 71 45 1947.

1301 2825 32 46 (e)
1366 2825 69 46 Stella
1474 2826 95 46 Brooks
1608 2827 0 45 &
1652 2828 98 44 Bechet
1771 2828 0 44 :
1808 2829 0 43 7
1847 2829 44 44 mai
1927 2830 66 43 1946.

116 783 94 41 Auger,
241 783 45 38 etc.

114 829 139 58 FESTIVAL
292 829 28 56 DE
360 828 170 56 MONTREUX

115 882 114 53 Georges
262 879 103 54 Gruntz,
391 880 84 51 Franco
512 880 169 50 Ambrosetti,
703 877 45 50 Jûrq
780 877 78 49 Grau,
880 872 74 53 Heinz
982 872 97 52 Biqler,
1100 872 75 50 Pierre

117 929 68 43 Favre
222 929 18 42 et
271 928 58 43 Jerry
366 926 187 44 Chardonnens
593 924 215 45 représenteront
842 924 9 43 la
888 923 86 44 Suisse
1014 922 15 44 au
1072 921 111 45 Festival

117 965 20 42 de
176 965 132 42 Montreux
344 965 20 41 de
403 965 35 40 juin
476 965 136 40 prochain.

118 1024 21 50 LE
180 1021 138 53 FESTIVAL
359 1019 25 55 DE
420 1017 62 57 JAZZ
527 1016 24 58 DE
596 1014 69 60 PORI
698 1015 143 54 (Finlande)
874 1020 48 51 aura
963 1012 37 52 lieu
1041 1015 16 51 du
1102 1018 16 49 17
1155 1020 21 49 au

117 1062 19 46 19
172 1063 87 45 juillet.

117 1118 20 52 LE
175 1118 137 58 FESTIVAL
353 1117 25 53 DE
416 1117 103 58 MOLDE
557 1117 145 49 (Norvège)
735 1117 17 49 du
789 1117 21 49 25
843 1116 75 50 juillet
947 1116 17 50 au
1005 1116 29 50 1er
1064 1116 63 50 août.

44 1254 408 74 ORLÉANNAISES

47 1370 18 46 La
107 1370 52 46 salle
204 1370 17 45 de
263 1370 10 45 la
315 1370 132 45 Mutualité
479 1370 94 44 n’étant
607 1370 39 44 pas
687 1370 160 44 disponible,
879 1370 121 43 l’AFAINO
1052 1370 63 42 s’est

46 1413 99 38 trouvée
188 1412 55 39 dans
283 1410 203 40 l’impossibilité
520 1408 159 42 d’organiser
716 1407 37 42 son
799 1407 40 42 Vlle
873 1406 49 43 Jazz
962 1405 59 43 Band
1064 1404 52 44 Ball

47 1451 19 42 en
110 1450 60 43 mars
214 1449 19 43 ou
280 1448 57 43 avril
374 1447 91 44 comme
513 1446 87 44 prévu.
638 1445 10 44 Il
685 1444 51 45 aura
780 1444 59 44 donc
883 1443 38 45 lieu
968 1442 16 45 au
1031 1441 72 46 même

51 1486 105 44 endroit,
184 1486 10 41 le
235 1486 13 40 14
286 1485 133 47 novembre
460 1485 71 47 1970.

519 1527 0 40 *
571 1527 0 42 X
623 1527 0 43 X

50 1580 16 40 Le
113 1580 0 40 «
155 1560 97 59 Caveau
294 1560 21 58 de
357 1560 13 58 la
412 1569 181 49 Montagne»
635 1574 54 42 était
727 1574 9 42 le
778 1557 97 58 dernier
913 1558 46 56 club
1005 1565 25 49 où
1068 1557 38 56 l’on

48 1619 101 42 pouvait
186 1619 117 40 entendre
348 1618 20 40 du
413 1618 42 39 jazz
497 1617 165 39 traditionnel
699 1616 120 38 (Sharkey
864 1616 0 37 &
912 1616 25 36 Co
982 1616 19 35 et
1038 1615 67 36 Pieds

50 1657 18 37 de
101 1656 99 38 Poule).
228 1655 165 39 Désormais,
420 1654 27 39 les
480 1654 48 39 Jazz
561 1653 28 40 O'
616 1653 111 40 Maniacs
763 1652 18 41 se
817 1651 148 42 produiront
995 1650 48 42 tous
1079 1650 27 42 les

50 1693 146 38 dimanches
235 1692 57 37 soirs
334 1692 18 37 au
393 1692 0 36 «
432 1690 190 38 Riverboat»,
651 1690 39 36 67,
721 1689 32 36 rue
794 1687 312 38 Saint-André-des-Arts

48 1725 60 56 (6e).

522 1750 0 52 *
569 1753 51 47 **

50 1810 129 57 L'AFAINO
233 1811 99 58 projette
374 1812 108 54 d’éditer
515 1821 20 43 un
577 1810 16 53 33
635 1818 0 44 t
664 1815 0 46 -
693 1811 21 50 30
755 1812 17 48 om
826 1807 145 51 enregistré
1004 1810 41 45 lors
1087 1816 20 38 du

50 1861 96 36 dernier
188 1860 75 37 J.B.B.
302 1859 0 38 —
368 1858 45 38 Une
461 1857 45 39 face
554 1856 79 40 serait
672 1854 141 42 consacrée
864 1853 9 42 à
912 1852 108 43 chacune
1068 1851 39 44 des

50 1893 146 41 formations
231 1893 74 40 ayant
334 1893 130 40 remporté
492 1893 9 39 le
541 1893 46 39 plus
622 1893 28 38 vif
679 1893 109 38 succès,
814 1893 20 37 en
869 1893 175 37 l’occurrence
1079 1893 29 36 les

52 1932 43 41 New
135 1931 74 42 lberia
246 1931 129 42 Stompers
412 1931 19 41 de
468 1930 107 42 Londres
612 1930 19 42 et
658 1930 105 42 l’lrakli’s
797 1929 46 42 Jazz
877 1929 80 42 Band.

523 1975 1 47 *
571 1973 1 49 *
626 1969 1 53 X

49 2023 8 54 Il
91 2025 34 48 est
160 2020 111 59 possible
309 2027 39 53 que
390 2022 77 50 Maxim
518 2018 69 60 Saury
629 2018 60 53 parte
732 2022 17 51 en
792 2017 128 60 Colombie
963 2015 21 51 du
1027 2025 25 41 1er
1087 2025 17 50 au

53 2068 12 42 10
102 2066 55 42 mai.

522 2098 1 40 *
572 2098 1 38 *
625 2098 1 36 *

51 2149 95 59 Martine
192 2156 78 56 Morel
302 2152 63 60 vient
402 2145 187 65 d’enregistrer
621 2152 22 54 un
684 2149 19 56 LP
748 2154 19 50 de
808 2147 136 56 ragtimes.

528 2203 1 50 *
572 2204 1 47 *
624 2205 1 44 X

49 2256 23 50 Un
114 2251 103 54 festival
252 2262 19 42 de
313 2249 42 55 jazz
397 2249 34 54 est
469 2253 69 50 prévu
580 2247 7 55 à
622 2253 171 49 Saint-Dizier
831 2250 19 50 du
896 2252 27 48 1er
957 2261 19 38 au
1018 2261 0 38 8
1060 2261 57 37 mai¬

52 2302 24 43 On
116 2302 62 48 parle
222 2302 17 48 de
280 2302 10 41 la
335 2301 136 47 projection
512 2301 20 39 du
573 2301 31 44 film
655 2301 0 38 «
696 2301 44 42 New
791 2300 106 44 Orléans
938 2300 0 35 »
979 2300 0 37 —
1040 2300 65 43 d’une

49 2341 153 37 conférence
244 2340 36 37 par
320 2338 123 39 Raymond
485 2336 129 40 Fonsèque
656 2336 0 40 —
716 2334 66 41 d’une
821 2333 82 42 messe
945 2331 45 44 jazz
1026 2331 0 43 —
1086 2330 21 44 de

48 2371 11 51 la
97 2370 174 51 participation
312 2370 21 49 de
375 2369 90 49 Claude
507 2369 66 47 Luter
607 2369 21 46 et
663 2368 73 46 Maxim
788 2368 100 45 Saury!
923 2368 24 43 Ce
989 2367 56 44 sont
1076 2367 28 42 les

49 2413 61 41 seuls
150 2411 227 42 renseignements
417 2411 37 40 que
495 2410 57 40 nous
592 2410 72 40 ayons
704 2409 86 40 reçus.

524 2459 2 46 *
572 2460 1 41 *
623 2461 1 37 *

49 2505 17 49 Le
112 2505 54 49 High
212 2505 99 48 Society
353 2505 46 47 Jazz
442 2505 60 46 Band
548 2505 131 46 (H.S.J.B.)
718 2505 92 45 signale
856 2505 57 44 qu’il
948 2505 25 43 n’a
1019 2505 43 43 rien
1108 2505 7 42 à

53 2545 40 44 voir
122 2545 56 43 avec
212 2545 19 43 un
266 2545 88 43 certain
388 2545 79 42 Jospin
501 2545 138 41 (Maurice)
667 2545 28 40 dit
724 2545 0 40 «
758 2545 101 39 Mowgli
887 2545 15 38 »,
928 2545 175 38 ex-trombone

50 2587 18 43 de
110 2586 165 44 l’orchestre,
309 2585 54 43 qu’il
396 2585 18 43 se
456 2585 63 43 porte
561 2584 108 43 toujours
711 2584 48 42 bien
801 2583 55 43 avec
901 2583 72 42 Pierre
1015 2582 99 43 Merlin,

48 2622 97 41 Martine
192 2622 90 41 Morel,
319 2621 73 42 Teddy
432 2620 204 43 Hocquemiller,
670 2619 57 44 etc.,
760 2619 20 44 et
817 2618 37 45 que
897 2618 27 45 les
967 2617 141 46 demandes

49 2658 57 40 pour
145 2657 36 41 des
226 2656 154 42 prestations
425 2656 102 42 doivent
563 2655 42 42 être
650 2654 142 43 adressées
834 2654 33 43 à:

52 2702 41 40 Cet
126 2701 128 41 orchestre
295 2701 19 40 va
355 2700 156 41 enregistrer
547 2700 19 40 un
607 2700 19 39 33
667 2699 63 40 tours
771 2699 129 40 consacré
933 2699 38 39 aux
1012 2698 93 39 thèmes

51 2741 19 44 de
107 2740 133 45 l’Original
271 2738 126 45 Dixieland
438 2738 47 44 Jazz
523 2737 82 45 Band.

520 2783 1 47 *
572 2783 1 45 *
624 2783 1 43 *

53 2835 122 43 Stéphane
217 2833 122 44 Guérault
367 2832 20 44 et
416 2832 38 44 son
493 2831 32 44 trio
563 2830 19 45 se
621 2829 100 45 produit
749 2828 110 45 toujours
897 2827 58 45 dans
990 2826 10 46 la
1038 2825 68 47 revue

53 2873 17 60 de
116 2873 43 53 Zizi
197 2872 135 61 Jeanmaire
374 2872 21 50 au
442 2872 89 56 Casino
577 2871 17 48 de
641 2871 74 56 Paris.

819 2899 53 57 J.-P.
908 2892 209 62 DAUBRESSE.

1300 2869 26 48 (f)
1365 2869 94 48 Bechet
1491 2869 0 47 &
1535 2870 72 46 Pierre
1646 2870 163 46 Braslawsky
1837 2870 0 46 :
1874 2870 14 46 10
1924 2871 47 44 mai
2003 2871 69 44 1949.

1302 2917 151 43 Seulement
1492 2910 54 50 cent
1585 2920 101 40 disques
1732 2908 175 53 disponibles.
1945 2908 125 54 Adresser
2112 2908 16 54 25
2174 2908 24 54 DM
2256 2916 7 47 à
2302 2908 58 55 Hans

1303 2956 118 58 EWART,
1450 2954 165 54 Hoehenweg
1657 2954 33 56 10,
1720 2953 55 59 5461
1812 2952 161 56 Rotterheide
2010 2950 187 62 (Allemagne).

2320 3014 27 48 25
