2480 3508
898 2960 16 62 6

1056 3024 45 47 172

128 3287 63 76 34

1308 155 401 92 CONCERTS

1310 335 444 50 ALBERT MANGELSDORE

1307 412 1076 105 MACABIO SCOOP : Patricio Villaroel (tablas, cgd) ; Siegfried Kessler (ep) ;

1304 438 1076 76 Luc Plouton (ep, synth) ; Dominique Bertranne (gb) : Jacques Mahieux (dm) ;

1308 489 407 43 Manuel Villaroel (cgd, perc).

1312 526 1084 46 Albert Mangelsdorf (tb) ; Heins Sauer (ts) ; Bushi Niebergall (b) ; Peter

1310 555 160 43 Giger (dm).

1306 588 559 43 Paris, Maison de la Radio, le 20 mars.

1316 628 1073 58 L'espace d'un demi-concert, ou certains couplages inutiles et pas très heu-

1310 672 651 45 reux (voir également Lee Konitz/John Surman)

1312 699 1084 51 L'espace d’un demi-concert, ou comment la Maison de la Radio n’a pas

1308 726 585 47 résolu le problème des concerts gratuits.

1312 762 1084 46 L’espace d’un demi-concert, ou 200 personnes seulement pouvant bénéficier

1308 791 573 45 d’un court moment d’une telle intensité.

1310 820 1086 57 L'espace d’un demi-concert, ou (où) le quartette d’Albert Mangelsdorf occupe

1310 859 150 45 le plateau.

1310 890 608 49 L’espace d’un demi-concert... SEULEMENT.

1314 921 1078 49 Albert Mangelsdorf, qui est un des musiciens essentiels de la nouvelle

1314 953 1074 42 musique européenne (mondiale ?), aura produit pendant une petite heure une

1312 982 1082 43 des musiques les plus fortes que l’on puisse entendre actuellement, et tout

1312 1009 1078 39 comme le Globe Unity, Willem Breuker, Peter Brötzmann, Fred Van Hove,

1312 1032 1072 43 etc.. il sera passé presque inaperçu. Sans doute va-t-on commencer à me

1307 1037 1082 65 reprocher d’insister toujours sur ces musiciens, mais il y vraiment par¬

1312 1085 1082 43 fois de quoi — ici aurait dû intervenir une expression triviale — lorsqu’on

1308 1112 821 41 constate l’indifférence qui entoure ces fabuleux créateurs.

1312 1145 1084 43 Musique totalement - free », où chacun des participants sait écouter, inter¬

1314 1175 1078 41 venir, ponctuer et se libérer complètement, tant il peut se sentir en con¬

1312 1202 1080 43 fiance, tant les possibilités d’éclatement existent. Aussi, même lorsque

1314 1227 1074 43 l’homme va au bout de lui-même dans le sens de la plus grande liberté,

1314 1253 1074 43 il resserre les liens qui l’unissent aux autres et se trouve porté au plus

1312 1280 1078 41 haut point de concentration. Cette - Improvisation » s’organisa grossière¬

1314 1309 1074 45 ment autour de quatre solos, c’est-à-dire que chacun des musiciens s’échappa

1310 1330 1079 52 de la riche pâte sonore à tour de rôle. Dans l’ordre, Heinz Sauer au son

1310 1359 1079 47 rugueux, presque » bluesy » à la démarche obstinée, au discours heurté,

1314 1387 1078 43 brisé ; puis Niebergall et un solo de contrebasse d’une invention réjouis¬

1312 1412 1080 45 sante : A. Mangelsdorf dont on connait depuls longtemps la technique inégalée

1314 1440 1078 43 et qui est sans contexte le catalyseur du groupe ; enfin Peter Giger qui.

1310 1463 1084 43 dans un esprit différent, n’a pas à souffrir de complexes face à ses compa¬

1312 1496 1080 43 triotes Daniel Humair et Pierre Favre. En première partie de ce grand mo¬

1312 1522 1080 41 ment, la nouvelle formation de Patricio Villaroel démontra malgré elle qu’un

1314 1549 1076 45 fossé assez grand existe entre la plupart des jeunes tentatives françaises

1316 1576 1074 41 et leur équivalent dans nombre de pays d’Europe. Pourtant, à une époque.

1310 1581 1082 64 le Dharma représentait quelque chose et outre Patricio, je pense aussi

1314 1631 733 45 à lacques Mahieux qui est vraiment un bon batteur.

2203 1650 206 61 Jean Buzelin.

1306 1791 288 50 CHET IS BACK

1312 1978 1080 52 Le miracle s’est produit, l’univers de Chet Baker nous a été restitué dans

1307 1984 1082 74 son intégrité, l’autre soir. Il y a vingt ans, c’était le choc premier, la plon¬

1312 2034 1074 49 gée dans une musique dont la sensibilité formait le charme majeur. Bien

1310 2040 1076 64 de l’eau a coulé sous les ponts, bien des musiciens se sont exprimés

1316 2091 1072 44 depuis, mais ni le temps ni les styles n’ont pu abolir la spécificité de

1314 2114 822 47 Chet Baker, ni effacer la fascination qu’elle sait engendrer

1314 2149 1078 45 A la tête d’une formation parfaitement adaptée, même si l’instrumentation

1314 2178 1078 45 peut en sembler singulière, le trompettiste joua, chanta comme on n’osait

1314 2208 1060 41 plus l’espérer. Il est bien évident que le temps passé laisse des traces

1312 2231 1078 41 tout ce que l’on pouvait considérer comme joliesse a disparu, remplacé

1312 2258 1076 47 par une tension contenue, une gravité de ton nouvelle (l’apport négatif se

1314 2287 1078 41 situant lui du côté physique. Chet Baker laissant filtrer une certain fatigue

1316 2311 1074 45 en fin de prestation). Jamais ses vocaux sur She was too good to me,

1314 2336 1078 49 There will never be another you ou My funny Valentine n’avaient encore at¬

1310 2367 427 45 teint à un tel degré d’émotion

1316 2382 1073 64 Il ne faudrait pas oublier non plus Jacques Pelzer, remarquable de bout

1318 2423 1071 50 en bout, ni Harold Danko et le bassiste suédois auxquels incombaient une

1312 2455 1080 39 double tâche mélodique et rythmique de par l’absence de batteur. Ils

1314 2480 600 51 réussirent à faire oublier cette place vide.

1316 2502 1079 64 Faut-il encore préciser que l'on dût refuser du monde à ce concert, alors

1316 2543 640 49 que Max Roach se produisait le même soir ?

2179 2558 217 53 Alain Tercinet.

1306 2722 871 49 MAX ROACH - LOUIS HAVES  JUNIOR COOK

1312 2816 1086 54 Max Roach (dm); Cecil Bridgewater (tp) ; Billy Harper (ts) ; Reggie Work¬

1314 2849 109 48 man (b)

1310 2876 412 59 Paris, Mutualité, le 27 mars.

1312 2917 1088 51 Woody Shaw (tp) ; Junior Cook (ts) ; Ronnie Matthews (p) ; Stafford lames

1314 2954 325 43 (b) ; Louis Hayes (dm).

1310 2983 495 41 Paris, Nouveau Carré, le 31 mars.

1314 3032 1080 51 Deux formations (dont l’une co¬) dirigées par un batteur, la première cé¬

1317 3067 1077 43 lèbre et devenue une espèce d’institution, l’autre récemment créée. L’une

1314 3092 1076 43 comme l’autre s’expriment dans un style qui revient HEUREUSEMENT d’ac¬

1317 3120 1077 46 tualité. On ne peut guère me traiter de passéiste ou de revivaliste, aussi

1314 3147 1078 43 vais-je dire pourquoi il m’a paru important de souligner le mot - heureu¬

1316 3174 1017 43 sement », comme de jumeler les comptes rendus de ces deux concerts.

1314 3205 1080 43 S'il est réjouissant de constater un renouveau d’intérêt pour un certain

1316 3230 1076 90 , néo-hard-bop » c’est parce qu’il n’ignore pas les acquis des quinze der¬
