2550 4200
196 1129 721 84 qu'elles vous laissaient stupétaits. Andrew

193 1190 710 53 soulignait tout... était avec le pianiste...

193 1229 708 49 comme si les deux hommes jouaient d’un

196 1262 705 54 même instrument. Jimmy et Sam hurlaient

196 1299 705 54 en transe dans leurs instruments. C’était

198 1337 703 53 comme une monstrueuse, une miraculeuse,

196 1367 703 51 une incroyable, une impossible synthèse de

196 1404 700 56 tout ce qui a fait, en cinquante années, la

196 1439 703 59 beauté de la musique de jazz de l’Afrique,

198 1477 703 49 de l’Orient, d’un fonds commun et immé¬

198 1509 705 56 morial.... aux plus récentes acquisitions du

198 1547 696 58 jazz moderne, telles que Coltrane. Ornette

196 1582 698 56 Shepp, Sanders, Ayler et les autres nous

196 1619 478 54 les ont, peu à peu, révélées

196 1659 698 65 Que cet immense foule de Pleyel ait appré¬

196 1703 700 51 cié, à sa juste valeur, Cecil et ses hommes

196 1736 700 58 (une interminable ovation les salua) montre

198 1771 698 58 plus éloquemment que tous les raisonne¬

196 1801 700 58 ments, l’évolution et l’amélioration cons¬

196 1838 703 59 tante du public de jazz, depuis une dizaine

196 1876 698 58 d’années. Ce public, on ne le bernera plus

198 1911 694 58 On ne lui racontera plus n’importe quoi

198 1950 698 54 Il faudra désormais lui offrir de la musique

198 1988 180 53 de qualité.

586 2009 313 67 Pierre CRESSANT.

189 2170 488 60 GARY BURTON A L'O.R.T.F.

193 2230 703 59 Mi-hipples, mi-dandies, ils nous pa¬

193 2270 708 51 raissent polis et consciencieux comme les

242 2305 657 56 long-haired» d’un quatuor classique.

196 2340 703 58 Mais aujourd’hui le poil abondant n’est

193 2377 701 61 plus symbole de tradition mais signe d’ac¬

196 2419 114 52 tualité.

191 2452 710 58 Ce nouveau Modern Jazz Quartet, comme

193 2487 708 56 le présenta justement André Francis n’est

193 2524 706 59 cependant pas un quartette moderne de

196 2557 703 65 nouveau jazz... Le monde de la New Thing

196 2604 511 51 n’est pas visité par ces sages.

191 2641 710 56 Le temps des débordements est passé avec

193 2678 708 59 le départ de Bab Moses et de Larry Cor¬

193 2716 708 56 ryell. Celui de la perfection rythmique

193 2748 703 59 bien oublié depuis que Roy Haynes a im¬

196 2781 700 63 prudemment abandonné ses peaux à un

193 2821 706 56 Bill Goodwin fadement précis. Mais Steve

193 2853 703 63 Swallow demeure le bassiste si juste et

193 2891 708 56 attentif que nous connaissons, utilisant de

193 2923 703 68 plus en plus la guitare basse, sans doute

193 2963 703 63 pour sa mobilité et sa faculté d’être enten¬

193 2998 703 63 due malgré les pièges de la sonorisation.

193 3033 703 61 Et si le guitariste David Pritchard n’est pas

193 3068 706 56 encore parfaitement intégré, il joue son

193 3108 701 56 rôle avec musicalité, mais sans fureur..

196 3138 703 58 Quant à Gary Burton, puisqu’aussi bien

196 3175 703 56 c’est lui que les amateurs et les connais¬

196 3213 703 53 seurs, très peu nombreux, étalent venus

193 3248 706 53 écouter en ce mercredi, salle 105, éton¬

193 3283 708 53 nons-nous encore de sa virtuosité, de son

196 3318 700 60 époustouflante facilité à maitriser cet ins¬

196 3353 703 56 trument ingrat qu’est le vibraphone. Un

196 3390 700 56 vibraphone qui d’ailleurs ne vibre pas, le

193 3423 706 58 moteur en étant coupé. Nous sommes aux

193 3458 708 58 antipodes du jeu haletant... et vibrant d’un

196 3495 698 58 Hampton, de la respiration » naturelle»

196 3532 700 59 d’un Milt Jackson. La note ne se love plus

196 3567 698 59 sur elle-même mais s’envole, immatérielle

193 3602 701 61 La phrase est touffue, souvent gracieuse

193 3637 703 56 toujours achevée Les quatre mailloches

193 3670 701 68 papillonnent et semblent poursuivre d’invi¬

196 3710 700 63 sibles insectes. L’instrument ruisselle de

193 3742 603 66 poésie, impression rare et précieuse.

198 3777 705 77 Soulignons, enfin. l'originalité des mor¬

198 3822 703 63 ceaux, souvent bâtis sur des suites har¬

198 3861 703 56 moniques inhabituelles aux standards du

198 3894 696 65 jazz et colorées de folklore et de pop¬

198 3927 701 60 music (je pense à Bob Dylan et aux meil¬

198 3964 708 65 leurs Beatles) et sur une grande variété

198 4011 194 72 de rythmes.

971 1143 714 68 Cette musique ciselée, lumineuse et un peu

973 1192 705 51 distante, qui ne fait battre ni le pied ni

976 1229 705 59 le cœur ouvre-t-elle une nouvelle porte au

973 1264 306 59 jazz d’aujourd’hui ?

976 1306 705 54 En tout cas, goûtons-en les charmes bient

973 1341 705 52 contemporains, qui manifestent l'infinie

971 1381 275 56 richesse du jazz.

1359 1421 319 67 Claude CARRIERE.

971 1570 472 70 A LA BIENNALE DE PARIS

973 1666 708 56 Très bon concert, l’autre soir, à la Biennale

976 1710 702 49 de Paris, au Musée d’Art Moderne, avec

976 1738 698 54 le nouveau groupe de Jef Gilson compre¬

973 1773 703 58 nant, en plus de Jef lut-même, comme chef

978 1815 700 49 d’orchestre, arrangeur et pianiste, lean¬

973 1848 701 58 François Catoire : contrebasse : Garber:

976 1885 698 54 saxo-ténor; Raymond Boni : guitare élec¬

976 1920 604 54 trique; Christian Vander : batterie.

973 1957 708 59 En seconde partie une » contraction » du

973 2002 703 51 fameux groupe de rhythm and blues : les

987 2037 687 53 Seven Souls », avec Tony Lytle; chef

978 2074 677 49 d’orchestre et trombone; Henry Moore

973 2107 703 56 saxo-ténor et batterie, Bob Welch : Guitare

971 2142 563 53 électrique et Bobby Hunt : orgue.

976 2179 705 61 Tous ces gens swinguent beaucoup et

980 2221 701 51 Il faut souligner les énormes progrès, chez

976 2263 702 47 les Français, de Catoire à la contrebasse

978 2298 607 56 et de Christian Vander à la batterie.

973 2313 704 84 A la fin du concert Jef, Jean-François

971 2375 707 54 Garber et Christian Vander s’amalgamèrent

973 2412 703 52 au groupe américain et ce furent les blues.

971 2447 591 56 plus les blues et encore les blues.

973 2489 705 56 Un public nombreux et vibrant d’enthou¬

976 2527 700 53 siasme fit des ovations à chacun des

973 2559 701 61 groupes et une triomphale ovation à la fin

973 2599 523 54 aux deux formations mélangées

1566 2627 73 86 LH.

973 2802 640 49 LE GRAND ORCHESTRE DE KENNY

976 2844 639 54 CLARKE-FRANCY BOLAND AU T.N.P.

1130 2891 385 67 par Maurice CULLAZ.

978 2986 700 52 Certains critiques, parmi les plus

978 3021 703 52 avertis, pensent et même affirment que

980 3059 698 53 le grand orchestre international, dirigé par

976 3094 700 53 Kenny Clarke et Francy Boland, est la

978 3129 700 53 meilleure grande formation de jazz ac¬

976 3164 315 58 tuelle, au Monde!

978 3208 705 56 Si l’on veut bien admettre que la musique

978 3243 705 58 de Duke Ellington n’a jamais été mieux

976 3283 707 53 jouée que par la grande formation du

978 3318 705 53 Duke, et que les conceptions de Count

980 3353 696 56 Basie n’ont jamais été mieux défendues

980 3390 698 49 que par le Count et ses hommes, il faut

976 3423 705 60 bien reconnaître que le grand orchestre

976 3458 705 51 de Kenny et de Francy est, avec celui du

976 3495 702 54 Duke et celui du Count, le meilleur que

978 3530 700 54 l’on puisse entendre de nos jours! le

980 3567 698 52 crois qu’aucun doute n’est permis à ce

978 3600 700 54 sujet. Et je n’oublie ni Woody Herman, ni,

973 3633 705 58 non plus, la formation de Thad Jones-Mel

973 3672 705 59 Lewis. Mais une chose est certaine : la

976 3710 705 51 section de saxophones du grand orchestre

980 3742 698 56 de Kenny et de Francy est une des trois

976 3782 702 54 ou quatre meilleures de toute l’histoire de

976 3812 336 59 la musique de jazz!

973 3854 710 54 Bien avant que je n’ale eu l’occasion de

978 3894 700 56 l’écrire (mais je l’avais dit et répété, j’en

980 3934 701 51 avait rebattu les oreilles de je ne sais

976 3964 707 54 combien de musiciens, d’amateurs, de spé¬

976 3999 705 72 cialistes et de critiques), un de nos

1749 1150 714 58 confrères du « Melody Maver » s’était

1749 1190 709 58 posé la question : - La section des anches

1751 1229 705 54 de cet orchestre international n’est-elle pas

1753 1262 698 56 la meilleure de toute l’histoire de la mu¬

1751 1297 705 54 sique de jazz? » Et notre confrère britan¬

1753 1334 703 52 nique répondait par l’affirmative, et, ajou¬

1753 1369 705 52 tait-il, cela sans aucune hésitation pos¬

1751 1404 84 59 sible,

1751 1442 698 58 Le concert que vient de donner, au INP.

1753 1477 703 63 au Palais de Chaillot, à Paris, le grand

1753 1523 703 54 orchestre de Kenny Clarke-Francy Boland,

1753 1561 703 51 n’a fait que confirmer, pour moi, ce qui

1751 1591 495 54 était, déjà, une quasi certitude.

1751 1633 707 58 La section rythmique avec Francy lui¬

1756 1673 702 51 même au piano, Jimmy Woode à la contre¬

1753 1710 703 54 basse, Kenny Clarke et Kenny Clare à la

1753 1743 705 51 batterie est d’une souplesse, d’une soli¬

1753 1778 703 56 dité, d'une efficacité à toute épreuve.

1751 1815 707 58 L'entente entre les deux drummers tient du

1753 1848 122 60 miracle.

1749 1894 709 52 La section de trompettes est conduite avec

1753 1934 705 49 un brio et un dynamisme peu courants par

1749 1964 712 54 Benny Bailey, que relaye le jeune premier

1749 1999 378 56 anglais Derek Watkins

1753 2044 708 63 lvan Julien, orfèvre en la matière, avait

1751 2088 707 54 été un des premiers, en France, à parler

1756 2123 702 51 de Derek Watkins, avec lequel il avait

1753 2160 701 52 travaillé à Londres. « Cela va faire mal,

1751 2193 705 51 quand il viendra en France », ne cessait

1753 2230 703 49 de dire lvan. Il avait parfaitement raison.

1751 2265 703 54 La section est complétée par deux grands,

1751 2303 705 49 deux très brillants solistes : Idress

1753 2338 705 51 Sulieman et Art Farmer. Son travail de

1753 2370 703 54 premier n’empêche nullement Bailey de

1753 2408 703 58 jouer, en soliste, et avec quel bonheur.

1751 2443 710 49 du bugle. La section de trombones, menée

1753 2478 708 51 par le sensationnel Ake Peeson, com¬

1753 2513 705 53 prend notre ami Nat Peck et, au trom¬

1753 2550 705 51 bone-basse, le jeune hollandais Eric Van

1751 2583 710 53 Lier. Quand Ake joue en soliste c’est Nat

1753 2620 360 54 qui mêne la section.

1756 2662 702 58 Quant à la section de saxophones, elle

1756 2709 702 51 est conduite par celui qui est, sinon le

1753 2744 705 53 meilleur premier alto du monde, pour le

1753 2776 703 54 moins, un des trois ou quatre meilleurs

1753 2814 703 51 au monde : Derelk Humble, ce qui ne l’em¬

1753 2844 705 56 pêche nullement d’être un des meilleurs

1756 2884 705 56 solistes actuels à l’alto. A mon humble

1751 2919 710 49 avis (c’est le cas de le dire) avis bien

1751 2954 707 51 meilleur que... dont on parle tant.... mais

1753 2991 432 56 ne soyons pas méchants.

1749 3028 709 59 Les autres membres de la section de saxo¬

1753 3077 705 54 phones sont des - monstres » : Johnny

1758 3112 700 47 Griffin, Ronnie Scott, Ted Coe et Sahib

1756 3143 705 53 Shihab. En plus du ténor. Ted Coe joue

1753 3178 708 53 fort bien de la clarinette dans les ensem¬

1758 3217 703 49 bles et Sahib fort bien du soprano et de

1758 3252 700 56 la flûte dans les ensembles et en soliste.

1758 3287 703 49 On sait, aussi, quel merveilleux baryton

1758 3322 289 54 est Sahib Shihab.

1758 3367 705 56 Tous les arrangements sont de Francy

1758 3404 703 54 Bolland, un des meilleurs en Europe, qui

1753 3446 554 56 se double d’un très bon pianiste.

1753 3479 708 63 . The lumps » composé par Griffin, . Vol¬

1756 3525 707 59 cano» composé par Klook, « You Stepped

1753 3563 701 51 out of a dream », « Sax no end » de

1753 3598 708 53 Francy Boland... et bien d’autres thèmes

1756 3633 707 51 nous firent apprécier la fantastique cohé¬

1758 3668 700 60 sion de l’orchestre et le talent de chaque

1753 3705 117 61 soliste.

1753 3749 710 63 Les choruses et la longue coda de Grif

1758 3789 703 58 dans - Sax No end » constituèrent un

1756 3824 705 56 des grands moments de la soirée. Salle

1753 3859 708 51 bondée, public relativement averti, dans

1753 3894 705 56 son ensemble, et très nombreux musiciens

1753 3931 705 56 professionnels n’en croyant pas leurs

1758 3969 121 60 oreilles.

2148 3992 315 70 Maurice CULLAZ.

2416 4060 47 70 13
