2550 4200
177 130 602 206 FLASHES

161 389 714 68 • Le planiste Joachim Kuhn, victime d'un

163 441 703 56 grave accident à Bruxelles, n’a pu se pro¬

161 478 705 51 duire courant novembre au Gill’s club;

161 508 710 54 c’est S. Kessler, B. Phillips et Ch. Vander

161 543 707 54 qui remplaçaient son trio ; Kuhn sera éga¬

161 581 705 56 lement remplacé par l’alto Richard Raux,

161 616 703 53 dans la pièce - the Connection» jouée

161 653 707 49 avec S. Kessler, A. Romano, G. Locatelli

161 690 394 54 et Anne-Marie Coffinet.

161 746 714 59 • Grachan Moncur IIl a donné un concert

165 786 703 51 le 23 novembre à l’American Center en

163 821 705 51 compagnie de François Cahen (p), Jacques

163 849 696 58 vidal (b) et Christian Vander (dms); ce

163 891 703 58 quartet se produira en décembre au Chat¬

161 931 165 56 qui-Pêche

158 977 713 63 • Michel Roques prépare un nouvel album

161 1029 705 53 pour Saravah à paraitre très prochainement.

161 1082 710 59 = La nouvelle firme Futura vient d’enregis¬

158 1122 708 51 trer le trio Arvanitas ; cet album est notam¬

163 1155 705 51 ment en vente au Gill’s Club; en prépara¬

165 1192 708 51 tion pour décembre, un LP avec Siegfried

161 1227 707 54 Kessler, Barre Phillips et Stu Martin; ren¬

163 1271 516 56 seignements : Gérard Terrones.

163 1383 710 66 Benny Carter a ouvert une souscription

161 1430 707 54 pour qu’on élève un monument Louis Arm¬

165 1467 498 56 strong à La Nouvelle-Orléans.

161 1572 710 70 Jean-Luc Ponty est revenu en France pour

163 1626 705 54 quelques semaines. Il a participé au Fes¬

163 1656 705 66 tival de Paris aux côtés de lJe Venute et

165 1701 325 53 Stephane Grappelli.

161 1822 714 63 Retour également de Roger Guérin après

161 1862 565 58 un séjour d’un mois en Californie.

296 1974 434 67 FREE JAZZ A L'INSTITUT

165 2051 706 60 Le « 360° Music Experience » de Beaver

165 2088 706 51 Harris, le quintet de Frank Wright avec

163 2123 705 56 Noah Howard et le quartet d’Anthony

163 2160 708 49 Braxton se sont produits à l’Institut d’art,

165 2195 703 52 3, rue Michelet (métro : Port-Royal ou Va¬

170 2233 694 51 vin) où des concerts de nouveau jazz orga¬

165 2265 699 56 nisés par la section d’esthétique de la

163 2303 703 51 Sorbonne ont lieu tous les vendredis à

163 2338 612 56 20 h 30. Participation aux frais : S F.

163 2380 703 53 Pour tous renseignements concernant ces

165 2417 703 54 manifestations (et aussi, éventuellement,

165 2454 706 54 des possibilités de concerts en province).

163 2489 705 56 écrire à Daniel Caux, 3, rue Guisarde,

161 2520 163 60 Paris (Ge).

161 2613 712 70 Un court métrage sur le peintre Pierre Mo¬

163 2662 705 49 linier a été réalisé par Raymond Borde

165 2695 703 53 avec musique improvisée par Danlel

163 2734 708 54 Humair, Phil Woods et Georges Arvanitas.

191 2774 680 56 Parlant de film, rappelons qu’un long

163 2811 705 54 métrage réalisé par Benjamin Christensen

165 2846 706 54 - La Sorcellerie à travers les âges », com¬

161 2879 710 56 porte une importante partie musicale assu¬

163 2916 703 56 rée par Daniel Humair, lean-Luc Ponty,

163 2954 705 147 Mene, Porel fere tte e Co re

165 2993 122 68 dersen.

158 3040 70 194 "

945 142 712 49 La pièce » The Connection» reprend au

941 175 284 60 Vieux Colombier.

938 217 715 53 On se souvient du Living Theater jouant

941 261 702 49 la pièce de lack Gelber : The Connection.

938 291 710 52 On se souvient également du film de Shir¬

941 322 705 60 ley Clark interprété notamment par Jacky

938 361 710 61 Machean et sorti à Paris voici quelques

938 401 131 49 années.

938 431 710 63 Le Théâtre du Vieux Colombier programme

941 476 705 56 début décembre The Connection dans une

941 518 700 51 adaptation d’Alain Brunet et une mise en

941 553 404 53 scène de Jean Collomb.

941 623 700 56 des jazzmen comme Aldo Romano (batte¬

973 592 673 52 On pourra voir sur scène et entendre

938 662 698 52 rie), Joachim Kuhn (piano et sax). Sieg-

941 700 705 51 fried Kessler (piano). Georges Locatelli

938 737 143 54 (guitare).

941 777 712 60 Le rôle de Sister Salvation est tenu par

938 816 344 54 Anne-Marie Coffinet.

1048 889 486 74 NOUVELLES ORLEANAISES

941 961 709 58 Le bassiste George « Pop » Foster est

943 1003 703 51 décédé à San Francisco le 30 octobre

943 1038 479 58 1969. Il était âgé de 77 ans.

941 1078 709 60 Il avait joué très activement durant toute

945 1117 705 56 sa carrière et appartenu à de célèbres

943 1152 707 49 orchestres parmi lesquels on peut citer

943 1187 705 54 Fate Marable, Charlie Creath, King Oliver,

945 1227 705 54 Bunk Johnson, Kid Ory. Dewey lackson,

943 1262 703 54 Luis Russell, Louis Armstrong, Sidney Be¬

943 1299 707 54 chet, Art Hodes, Sammy Price, Earl Hines

943 1332 299 58 et bien d’autres !

943 1372 707 58 Il avait effectué une tournée européenne

943 1416 707 49 en 1948 avec l’orchestre de Mezz Mezz¬

943 1451 710 51 row (Festival de Nice), puis en 1952 était

943 1486 703 51 venu avec Jimmy Archey, en 1955-56 avec

943 1521 703 58 Sammy Price et avec le New Orleans All

945 1561 238 53 Stars en 1966.

941 1642 714 61 Le batteur Sammy Penn vient de mourir à

943 1691 700 56 La Nouvelle-Orléans le 27 octobre dernier.

1716 144 707 54 Penn était né le 15 septembre 1922 à

1716 182 710 51 Morgan City (Louisiane) où il découvrit

1718 214 708 56 la musique et eut son premier engagement

1718 254 708 49 dans l’orchestre de Jake Johnson. Il est

1718 289 708 54 resté cinq ans avec cette formation avant

1721 324 707 51 de se rendre définitivement à La Nouvelle¬

1718 359 708 49 Orléans en 1921. La, il travaille avec Chris

1718 394 708 51 Kelly, Kid Rena, Buddy Petit et Jack Carey

1723 431 700 52 et se joint à Kid Thomas Valentine en

1721 466 705 56 1936. Depuis cette date jusqu’à sa mort,

1718 504 708 51 à part un bref séjour à Chicago dans les

1718 536 705 52 années 50, il est resté un membre « à

1716 574 710 58 part entière » de l’orchestre de Thomas.

1718 686 712 65 Manuel « Fess » Manetta est également

1721 730 700 54 mort à La Nouvelle-Orléans le 10 octobre.

1723 765 703 58 Ce mois d’octobre est une véritable héca¬

1721 802 387 56 tombe ! Il avait 80 ans.

1721 851 709 47 Ce vétéran a commencé sa longue car¬

1721 886 702 52 rière avec le Tom Albert's band en 1906.

1718 917 708 56 Parmi d’autres orchestres, il a joué assez

1721 956 702 52 longtemps avec ceux de Buddy Bolden,

1721 991 707 52 Frankle Duson, lack Carey, Papa Celestin

1723 1026 194 54 et Kid Ory.

1721 1061 705 63 C’était un maître! Il savait jouer de tous

1725 1108 701 51 les instruments et fut le professeur de

1721 1145 497 63 nombreux musiciens célèbres.

1718 1271 712 63 Les - Flagada Stompers », cet orchestre

1721 1316 707 53 Nouvelle-Orléans de Lyon qui avait réussi

1728 1353 700 54 à la TV pendant de nombreux mois dans

1725 1390 705 49 le cadre d’un concours d’orchestres ama¬

1721 1423 709 54 teurs vient d’enregistrer son premier dis¬

1721 1460 457 54 que pour - Pipol » Records

1721 1493 709 65 L’AFAINO-Dijonnaise présente le 5 dé¬

1723 1537 700 56 cembre à l’Œuf : les - Lutéciens » qui

1721 1575 705 51 viennent de se signaler en remportant le

1718 1612 710 51 premier prix du Festival International de

1718 1645 339 56 Variétés de Rennes.

2164 1682 266 70 14. Daubresse.

1193 1871 974 82 Samedi 13 Décembre de 21 h. à l'aube

1375 1990 537 152 LA NUIT

1387 2240 128 67 Du

1646 2138 371 175 JAZZ

1445 2328 486 94 Salle Wagram

1113 2445 1033 82 avec MARTIAL SOLAL et son TRIO — CLAUDE BOLLING

1111 2522 799 77 FRICK et les SWIMGERS et les A BONES

1116 2594 929 84 STEPHANE GRAPPELIY — CLAUDE GUILHOT Quintet

1116 2690 616 65 BILL COLEMAN — DIZZY REECE

1113 2758 927 86 JOE TURNER — BOULOU — JEF GHSON

1116 2842 924 79 MAXIM SAURY et son Orchestre — LES LUTECIENS

1113 2921 932 86 SWING LIMITED CORPORATION, etc.
