2480 3508
179 109 715 60 de racisme latent et à rebours... (Malcolm,

177 142 363 58 do you hear me ? ? ?).

179 210 708 45 ° Le 21 février, lim Harrison et Billy Saun¬

177 239 712 55 ders, fameux promoteurs de concerts de

177 282 710 49 lazz sur la scène new yorkaise ont pré¬

179 317 710 49 senté au Club Ruby, « 5 trombone stars " :

177 346 710 57 1. Johnson, Slide Hampton, Curtis Fuller,

175 389 482 49 Bennie Green, Benny Powell.

177 436 712 60 e Fraichement revenus d’Europe, les frè¬

177 485 710 52 res Ayler ont donné un concert avec leur

177 520 710 54 sextet, le 25 février, au Village Theatre,

177 561 708 43 2° avenue et 6e rue. Situation assez mar¬

173 592 716 53 rante advenue pendant le concert. Deux

177 631 710 53 étudiants se sont avancés dans la salle,

173 668 714 51 portant ces éternels blousons des universi¬

175 699 712 55 tés américaines, avec énormes lettres pla¬

175 740 712 47 cards dans le dos. En l’occurence, les

175 773 712 45 lettres étaient C.A., il y eut des siffle¬

173 810 712 47 ments, insultes amorcées... etc. Quand le

173 843 714 51 silence fut rétabli, les étudiants en question

171 884 716 51 purent annoncer qu’ils appartenaient au

173 917 712 47 " Culinary Institute of America» (institut

171 953 714 46 culinaire américain... ou l’art de cultiver le

171 991 624 57 hamburger et le yankee pot roast !! !).

171 1052 710 53 o Durant la deuxième quinzaine de février,

171 1089 712 49 la chanteuse Gloria Lynne (rien à voir avec

173 1128 712 47 Carmen... oui... Carmen McRae...) est pas¬

169 1165 716 51 sée au Village Gate, partageant l’affiche

171 1204 546 47 avec le Chico Hamilton Quartet.

173 1257 716 52 ° La première pièce théâtrale de Archie

173 1301 712 45 Shepp a débuté au Chelsea Theatre Center

171 1333 714 48 le jeudi 28 février. « June Bug graduates

171 1372 710 50 tonight » est l’histoire d’un jeune Noir qui,

173 1410 710 47 à l’issue de ses études secondaires, ne voit

169 1444 712 48 que deux solutions au problème de sa pro¬

171 1477 712 47 pre existence : soit que les U.S. offrent

169 1516 710 48 une solution à son problème inhérent, soit,

169 1551 712 52 qu’en vertu de l’impossibilité de la pre¬

169 1588 712 49 mière solution, il se doive de perpétuer

169 1621 710 58 et revivifier le spectre de Birmingham,

167 1660 332 53 Cicero, Watts... etc.

171 1707 714 60 ° Dimanche 26 février. La chaine de télé¬

169 1755 712 49 vision N° 4 a passé le film - lazz dans la

169 1791 712 52 prairie », excellent reportage du festival de

171 1830 712 46 Comblain-la-Tour, les 6 et 7 août 1966. Bien

171 1868 710 49 que le plus grand pourcentage de pellicule

169 1902 712 50 ait été dépensé pour le sextet de Benny

167 1937 710 46 Goodman, se composant de Les Spann à

167 1974 714 70 la quitare, All Hall à la basse, Doc Shield

959 114 717 49 à la trompette, Bernie Layton au piano, et

961 148 709 50 Morrey Field aux drums, on a pu voir et

961 183 709 46 entendre le Bratislava Traditional lazz Band

963 226 711 46 jouer « St. James infirmary » et « When the

959 259 711 48 saints go marchin' in» dans l’église de

959 290 707 51 Comblain (comme nous le savons tous.

963 325 707 51 le Pape a interdit ce genre de manifesta¬

959 362 709 51 tions païennes, parce qu’il ne peut pas

959 399 709 49 blairer le Dixieland... et n’est prêt à accep¬

959 438 709 43 ter que ce qui est déjà au-delà de l’expres¬

963 473 705 55 sion coltranienne... un pape moderne... il n’y

961 512 206 47 a que ça...).

961 572 711 57 o Après avoir été l’hôte de Tony Scott

959 615 711 57 pendant plus de 15 mois, le sympathique

961 658 709 43 cabaret « Le Dome» a fermé ses portes

959 686 707 48 au jazz pendant la semaine. Andy Warhol,

961 721 705 56 le champion « HipsL-SD» n’a pas perdu

959 760 713 52 une minute pour transformer l’endroit en

959 799 709 42 discothèque “ rock and roll... and roll...

959 830 707 54 and roll... and roll... onto the other side,

959 871 711 46 man... ». La technique est maintenant bien

957 906 709 45 connue; les juke boxes coûtent moins cher

957 937 708 56 que les musiciens, et... place aux jeunes...

959 976 711 51 et à leurs goûts jeunes... on se souvient

953 1015 713 45 de l’histoire « Hitler ? connais pas»... on

955 1046 713 51 peut transplanter : « Lester Young ? connais

955 1079 710 57 pas non plus »... Le Dome, avec un der¬

955 1118 713 53 nier reste de scrupules, réserve les diman¬

955 1153 713 51 ches après-midi aux jam-sessions purement

951 1194 86 55 lazz.

957 1241 711 60 e Le dimanche 4 mars, le disc-jockey Alan

955 1296 711 40 Grant a donc présenté les musiciens sui¬

953 1327 712 48 vants : le trompette limmy Owens, le ténor¬

955 1362 706 45 sax Frank Foster, le baryton Pepper

953 1401 712 45 Adams, Billy Greene au piano, limmy Garri¬

953 1434 710 53 son à la basse, et Elvin Jones à la batte¬

953 1467 713 55 rie. L’atmosphère était sensationnelle. Etant

953 1510 713 45 trop près d’Elvin, au bar, j’ai dû m’éloigner

955 1541 710 47 un peu et m’asseoir à une table, afin de

951 1578 712 51 profiter de tous les musiciens. Pepper

951 1613 712 53 Adams a pris un solo long et inspiré, à

951 1654 708 47 tempo très rapide sur « The Coaster ».

951 1685 712 47 composition de la tête de Turc de mon

949 1720 454 55 frère : Grachan Moncur IIl.

951 1787 712 58 e Woody Herman et son «Swingin' Herd »

951 1830 583 48 ont débuté au Riverboat, le 6 mars.

951 1884 710 70 o Le trio du vibraphoniste Mike Mainieri,

951 1939 710 52 avec Joe Puma à la guitare, et Chuck

949 1972 714 66 leraels à la basse joue 6 soirs de la

1741 114 717 55 semaine au cabaret « L’intrigue », 35 west

1744 148 135 50 56e rue.

1744 218 714 41 o Le trio du pianiste Gene Harris passe

1743 249 703 55 actuellement au « Club La Boheme", 69

1743 284 707 47 rue et Broadway, avec Alie Richardson à

1741 319 623 51 la basse et Steve Malin aux drums.

1743 374 715 62 0 Le quartet de Phil Woods, Richard Davis

1744 419 708 52 à la basse, Grady Tate au piano, et Hal

1741 454 713 50 Galper à la batterie a eu un grand succès

1737 495 627 44 pendant deux semaines au Five Spot.

1743 539 711 61 e Sun Ra et son Astro Infinity Music jouent

1739 588 709 45 tous les lundis soirs à « Slugs' in the far

1743 627 596 47 east», comme ce club s’appelle...

1744 686 714 46 o Le très sympathique restaurant West

1741 719 713 48 Boondock, sur les bords de la rivière

1737 754 717 50 Hudson, village ouest, qui se spécialise

1741 795 711 52 dans une merveilleuse » soul food» (tou¬

1739 832 711 48 ristes, n’hésitez pas une seconde à y aller

1741 869 711 50 goûter les barbecues spare ribs, accompa¬

1739 904 711 47 gnées de black-eyed peas et patates dou¬

1739 939 709 45 ces... hum... hum...) a l’intention d’offrir à

1739 976 713 49 ses clients des diners en musique. Prévus

1739 1007 709 53 pour la fin de ce mois, un trio dirigé par

1737 1050 278 49 Philly Joe Jones.

1739 1105 715 60 e Chose jamais vue auparavant : en feuille¬

1739 1155 709 47 tant Life magazine du 10 mars, ai vu une

1737 1186 709 51 grande publicité d’une page pour Coca¬

1735 1221 711 49 cola, ce qui n’aurait rien d’extraordinaire, si

1735 1260 711 43 ce n’était que la photo de la vedette en

1737 1292 709 56 question nous montre un musicien connu,

1737 1331 709 48 très élégamment vêtu, ses instruments à

1737 1364 711 50 la main, agrémentée du commentaire : Paul

1737 1401 705 47 Horn, lazzmusician, loves Coca-Cola). A

1737 1436 709 51 quand Duke Ellington vantant la crème à

1733 1471 715 47 raser « X»? Note : Ceci est arrivé pure¬

1735 1510 711 45 ment accidentellement alors que je me

1733 1541 713 51 trouvais dans l’antichambre de mon chiro¬

1733 1582 715 47 practeur. Je suis toujours prêt à perdre

1733 1617 711 45 mon temps, assis sur un banc public, par

1733 1654 713 51 exemple, à regarder les filles passer pen¬

1733 1689 713 49 dant que je me gratte les cloisons nasales,

1733 1724 713 47 ou que je glisse une main au travers du

1735 1759 711 57 trou de ma poche de pantalon pour m’assu¬

1733 1802 709 47 rer qu’Elles sont toujours en place... mais,

1731 1828 713 54 moralement parlant, je ne peux pas me

1733 1867 709 50 permettre de perdre mon temps à lire LIFE...

1735 1909 329 61 So long et a bientôt.

2051 1935 360 56 New York, Mars 67

2086 1976 290 60 lean-Marie HESS

947 2369 719 57 o l’ai eu le malheur d’écrire, dans ma der¬

945 2404 714 51 nière chronique des microsillons étrangers,

949 2443 710 47 que les disques de blues de forme caassi¬

949 2478 708 55 que se raréfiaient curieusement... Six mois.

947 2517 710 49 quelques paquets, et me voici aujourd’hui

947 2554 710 49 contraint de passer en revue vingt-cinq

949 2592 710 48 albums où le blues prédomine... et quel

945 2623 119 58 blues !

947 2675 714 57 ° Rééditions ? le passe sur le genre

945 2724 712 51 revival », mais ne puis taire une splen¬

945 2755 708 51 dide série de Blind Boy Fuller (Blues Clas¬

943 2794 712 51 sics 11), qui ne contient pratiquement pas

943 2833 714 51 de doublons avec l’anthologie Philips du

945 2870 708 47 même, sortie il y a trois ou quatre ans.

943 2896 710 60 « Detroit blues » (Blues Classics 12) est

941 2942 712 47 tout aussi recommandable : des plages des

943 2975 708 71 années 50 de John Lee Hooker, Big Maceo.

1729 2375 713 49 voisinent avec des titres de Bluesmen

1731 2402 708 61 moins glorieux, mais excellents, dont le

1731 2445 708 45 légendaire One String Sam qui ne res¬

1727 2478 388 49 semble à aucun autre.

1731 2541 713 52 o Polydor International se met à rééditer,

1729 2578 710 51 lui aussi, de bons blues des années 50;

1731 2617 710 51 il semble, hélas, que la France sera exclue

1727 2654 715 51 de la distribution de l’album « California

1731 2689 710 49 Blues » (423.242) qui contient d’exemplaires

1733 2726 708 53 et rarissimes Hooker, Lowell Fulson et

1729 2761 458 57 Smokey Hogg... Dommage.

1729 2827 713 53 o Les grands du blues contemporain ? lls

1729 2864 710 51 sont bien là : Lightnin' Hopkins dans le

1729 2905 708 51 Saga 8001 ; ses accompagnateurs sont les

1729 2946 708 45 mêmes que dans le Verve-Folkways 9022,

1723 2974 714 64 récemment chroniqué dans Jazz-Hot; les

430 2588 186 66 disques

403 2691 232 74 étrangers
