2480 3508
89 444 714 49 deux disques sont de valeur dentique.

93 477 710 55 B.B. King (« Blues is King », sur Bluesway

91 516 712 47 6001) nous donne peut-être son meilleur

91 551 712 47 LP; une plage plafonne (« Don't answer

91 590 714 47 the door -), mais tout est de première

91 625 712 47 classe. John Lee Hooker (-Live at Cafe

91 660 712 49 au gog0», sur Bluesway 6002) se pré¬

91 695 710 49 sente accompagné par l’orchestre de Muddy

93 726 710 53 Waters, pas moins... C’est excellent, encore

93 769 714 43 que le pianiste et le bassiste semblent

89 802 714 55 parfois déroutés par les enchainements

91 841 712 47 personnels, et fort peu orthodoxes, de

93 875 712 50 Hooker. On retrouve le groupe Muddy

93 912 712 54 Waters-Otis Spann dans «The blues is

91 949 710 48 where it's at... » (Bluesway 6003), enregis¬

89 984 712 45 tré dans les mêmes conditions; Muddy n’y

93 1017 712 50 chante pas, mais y joue de la guitare

89 1056 712 45 d’ensorcelante façon. Bluesway (sous-mar¬

93 1089 708 47 que de A.B.C. Paramount) annonce égale¬

91 1124 714 49 ment un recueil 6004, « The new limmy

87 1157 548 63 Reed», que je ne connais pas.

89 1212 714 58 o Pour être moins célèbres, Homesick la¬

91 1262 704 47 mes Williamson (- Blues on the Southside»

89 1297 712 43 sur Prestige 7388) et Billy Boy Arnold

87 1333 712 48 (« More blues on the Southside, sur Pres¬

91 1366 710 52 tige 7389) n’en sont pas moins intéressants,

89 1401 710 52 avec une nette préférence pour le premier.

91 1438 710 50 Dans les deux disques, le plano de La¬

87 1475 716 50 fayette Lake fait merveille. Du chanteur¬

87 1510 714 49 quitariste Little Milton, je ne connaissais

89 1545 710 47 que des enregistrements à demi commer¬

89 1586 710 43 claux; le Lp Checker 3002 le présente,

87 1619 712 47 bien accompagné, dans un répertoire exem¬

89 1654 712 51 plaire. Il s’y montre influencé par B.B. King

87 1693 712 47 et par T. Bone Walker, mais plein de har¬

85 1728 316 66 gne et de mordant.

877 436 713 53 e Passons à ce domaine hybride qu’il est

873 479 712 45 convenu d’appeler Rhythm n’ Blues. Une

873 512 710 53 formation de Fort Benning (Georgia) sur¬

875 553 708 47 prend très agréablement; c’est celle de

875 586 706 45 Bobby Moore (« Searching my love », sur

877 625 706 43 Checker 3000) ; elle accompagna, paraît-il,

875 656 708 51 Etta James, Sam Cooke, Wilson Pickett, Otis

873 695 712 51 Redding à leurs débuts et existe depuis

877 730 708 47 1952 : pas de concessions, un swing trapu,

873 763 714 49 ramassé. A ne pas ignorer! C’est en Cali¬

875 797 712 54 fornie que se produit l’organiste Billy Lar¬

873 838 714 52 kin (and the Delegates), lesquels compren¬

873 869 714 54 nent notre vieille connaissance Clifford

875 912 710 46 Scott et un brillant guitariste de blues du

873 947 714 43 nom de Hank Swarn; leurs deux LP enre¬

873 982 708 48 gistrés à ce jour sur Aura (3002 et 83003).

873 1021 712 43 ne sont pas exempts de longueurs; mais

871 1052 680 58 ce qui y est jazz est d’excellente valeur.

877 1114 711 61 o lke et Tina Turner s’affirment de très

873 1157 714 51 grandes vedettes du music-hall noir. Le

877 1192 708 45 « lke 8 Tina Show », sur Kent 5014, serait

873 1229 710 47 tout à fait fumant avec moins de bruits

873 1264 710 47 de salle ; le célèbre couple y met géné¬

875 1301 710 47 reusement en valeur plusieurs membres de

873 1336 712 49 la troupe, musiciens et chanteurs; cela

875 1370 710 48 swingue de bout en bout. N’oublions pas

875 1410 710 45 l’illustrissime lames Brown, dont le dernier

873 1442 708 46 LP « Handful of soul » (Smash 27084) con¬

873 1479 708 50 tient des soli d’orgue du chef, parfois un

873 1518 712 52 peu simplistes, et de vigoureuses plages

871 1553 710 50 de grand orchestre dont l’une au moins,

875 1588 520 54 « The King », est une splendeur.

875 1642 710 67 ° Au middle-jazz, maintenant. Et tout

871 1689 712 47 d’abord un vrai trésor : dix inédits de Art

875 1726 706 65 Tatum datant des années 40: « lazz life ».

1657 436 717 53 sur lazz Art 8018 (en Europe, Fontana

1657 475 711 49 883.904); la prise de son est imparfaite.

1657 512 711 53 mais pas rédhibitoire; et quelle magnifique

1659 549 711 49 musique! Cozy Cole continue à cultiver un

1657 586 711 51 genre bien à lui, celui d’exécutions orches¬

1661 623 709 45 trales enregistrées avec sa batterie en gros

1657 656 711 51 plan; une face de son 33 t Columbia CL.

1657 687 711 55 2553 est de première valeur; le verso

1657 728 713 49 souffre de la présence de plages comme

1659 763 709 49 « Java java» ou « Wailing waltz» dont l’au¬

1657 797 711 56 dition est amusante, sans plus ; générique :

1659 838 626 54 -lt’s a rocking thing ». Si l’on veut...

1657 884 713 63 ° Une découverte parmi les jeunes dans

1657 937 711 49 un genre inclassable : le guitariste George

1657 972 707 49 Benson, « lt's uptown», sur Columbia CL.

1657 1007 711 51 2525. Disciple, dit-il lui-même, de Charlie

1657 1042 709 47 Christian, il a certes écouté par ailleurs

1657 1077 711 49 Wes Montgomery et Django; mais ce type

1655 1116 713 53 paraît tellement doué que sa classe trans¬

1655 1147 711 51 cende toutes les influences. Amateurs de

1657 1182 711 51 vieux jazz comme de jazz moderne se doi¬

1655 1220 709 54 vent d’écouter le « Willow weep for me»

1659 1260 711 57 que contient ce LP. On reparlera certes

1655 1299 325 49 de George Benson.

1657 1344 715 63 ° Au rayon des pannes pour finir (il faut

1659 1395 709 47 bien mettre en garde le collectionneur).

1657 1432 709 49 l’en vois deux, mais de taille : le Spivey

1659 1467 709 49 1007, consacré au trompette vieux style

1655 1502 711 53 Louis Metcalf; le pauvre court depuis qua¬

1655 1535 711 53 rante ans à la recherche d’une inspiration

1655 1570 709 49 qui le fuit. Ainsi, hélas, que sur son der¬

1653 1603 710 57 nier 33 t Booker T. Jones (- Plays for X.

1655 1648 711 51 Mas» sur Stax 713); assassiné par les

1661 1683 575 57 « managers », le pauvre Booker I.

2047 1718 290 74 Bernard NIQUET

83 2720 712 53 Don Cherry vient donc de passer plus

83 2753 710 47 d’un mois à Paris. A l’exception des quel¬

85 2792 708 51 ques cinq ou six jours durant lesquels Art

83 2821 708 51 Farmer le remplaça sur l’estrade du Chat

85 2862 708 47 qui Pêche, Don joua tous les soirs dans

89 2899 704 53 le Club le plus free de la capitale. Je

85 2935 708 52 suis évidemment allé l’entendre très sou¬

85 2968 706 50 vent et, comme je vous l’avais promis le

83 3003 708 48 mois dernier, voici une relation aussi fidèle

85 3040 704 60 que possible des impressions que l’ai

87 3079 184 48 ressenties.

83 3112 712 56 Pour ceux qui ne connaissent que son ma¬

87 3163 708 48 gnifique album Blue Note, « Complete Com¬

85 3196 710 43 munion », il me faut préciser tout de suite

87 3229 708 49 que la musique de Don en cabaret est tota¬

87 3260 708 57 lement différente. Dans l’ambiance d’un

83 3301 710 54 club, sachant qu’il ne joue pas devant un

869 1972 718 62 micro, il va beaucoup plus loin, massacrant

873 2020 708 47 ses propres thèmes, les ralentissant ou les

873 2052 708 52 accélérant au maximum pour voir le parti

871 2087 706 45 qu’il pourra tirer de telle ou telle fa¬

873 2124 708 50 çon de les jouer, détruisant systématique¬

875 2157 706 49 ment les mélodies si prenantes qu’il avait

871 2192 710 47 su composer. Ses improvisations sont éga¬

873 2227 708 49 lement poussées jusqu’à l’extrême limite de

875 2264 706 53 la cohérence, de l’incohérence diront ses

871 2299 708 51 détracteurs. Certains, dont je ne suis pas,

873 2340 706 49 le lui reprocheront. La folie des nuits du

873 2375 706 45 Chat qui pêche constitue le seul champ

873 2408 706 47 d’expérience possible, et c’est cette folie

871 2445 708 51 même qui permettra à Don, en l’organisant

873 2484 706 43 le jour d’une séance, en la disciplinant plus

871 2517 706 45 qu’en l’atténuant, d’enregistrer une œuvre

873 2556 706 47 aussi belle, aussi structurée, aussi - clas¬

873 2588 702 46 sique» que son “ complete communion ».

869 2623 708 46 D’autre part, Don aime à changer chaque

871 2656 708 49 soir la formule de sa musique et même de

873 2699 704 45 la formation, ce dernier soin étant laissé au

873 2730 706 49 hasard des engagements, jusqu’à ce qu’il

871 2769 708 49 trouve un équilibre pour l’une et l’autre ce

871 2802 706 53 qui lui permettra de créer un nouveau mode

871 2841 708 41 d’expression à l’intérieur de son propre

871 2876 706 43 langage. Cette année, Leandro «Gato»

871 2911 708 45 Barbieri était resté aux Etats-Unis. Don a

871 2942 706 53 donc fait appel pour le remplacer au seul

873 2983 706 49 saxophoniste français qui pouvait se com¬

869 3018 708 47 porter honorablement à ses côtés: Alain

871 3051 706 47 Tabar-Nouval. Les qualités qu’il possède

871 3087 708 56 déjà et dont je parlais le mois dernier font

869 3127 708 45 que s’il restait quelques mois au contact de

871 3159 708 52 Don Cherry, il apprendrait très vite beau¬

869 3196 710 46 coup de choses. Sa puissance fait déjà

871 3235 708 46 merveille en tout cas, surtout au ténor, ins¬

869 3262 708 53 trument qu’il a maintenant adopté. Karl

869 3303 710 66 Berger, que l’on attendait encore, était

1651 1982 717 50 remplacé par un jeune pianiste allemand

1657 2017 709 50 assez dément, loachim kuhu. Son style

1653 2052 710 50 évoque principalement Me Coy Tyner et

1655 2089 706 50 Cecil Taylor, comme par hasard. lean¬

1653 2126 711 45 François lenny Clark et Aldo Romano

1653 2157 708 47 étaient donc les seuls membre du quin¬

1653 2196 711 53 tette 66 qui joualent ce soir-là aux côtés

1655 2235 709 47 de Don. Depuis, L.F. a dû abandonner Don

1655 2264 709 53 pour continuer à suivre ses études au

1655 2305 709 43 conservatoire et Aldo est parti en Alle¬

1653 2340 710 47 magne où des engagements ultérieurs l’at¬

1653 2377 164 45 tendaient.

1653 2418 711 59 Henri Texier est venu tenir la basse de

1655 2461 709 47 temps en temps, aussi souvent que ses

1657 2502 706 43 obligations le lui permettaient, et c’est lac¬

1657 2539 707 45 ques Thollot qui a remplacé Aldo. Jacques

1655 2572 708 45 est un des drummers les plus originaux que

1655 2611 708 43 nous possédions, je l’ai toujours dit et je

1657 2642 707 51 le pense encore plus maintenant. Au cours

1655 2679 706 47 du set qu’il joua à la place d’Aldo le pre¬

1655 2712 709 49 mier soir, il n’était pas encore familier avec

1659 2753 704 45 la musique de Don et il me sembla jouer

1655 2783 708 54 fort et raide alors qu’Aldo jouait puissant

1655 2823 708 47 et souple. Mais Don m’assura immédiate¬

1655 2857 708 46 ment qu’il le trouvait fantastique, que tout

1657 2897 707 45 ce qu’il faisait était merveilleux de feeling

1657 2931 706 46 et de pertinence. Après quelques jours,

1655 2962 708 54 Jacques devait en effet donner sa pleine

1657 3007 707 43 mesure. Il dut faire rougir de honte ses

1655 3034 708 54 détracteurs au concert de l’O.R.T.F., point

1655 3073 708 58 final extraordinaire du séjour de Don à

1655 3106 103 57 Paris.

1651 3153 715 52 Après l’arrivée de Karl Berger, Alain Tabar¬

1655 3192 708 49 nouval quitta Don à son tour et l’engage¬

1655 3235 709 46 ment se poursuivit en trio : Don, Karl et

1651 3268 712 49 Jacques. Il se créa très vite des affinités

1653 3301 711 58 profondes et la formule plut beaucoup à

2322 3355 42 67 9

300 2229 282 60 don cherry

413 2301 68 63 et

278 2362 330 81 barney wilen
