2480 3508
42 444 706 54 —Salut les Copains ». De çà, de là, à

37 481 707 49 Doses homéopathiques, ils distribuent la

44 520 698 45 morale, comme Filipacchi essaie d’ame¬

40 553 704 47 er les idolâtres de Hallyday aux concerts

38 592 704 51 du vieil Ellington. A côté de - Salut les

33 631 707 43 Copains", et un peu grâce à son tirage,

33 660 709 47 des améliorations ont été apportées à

37 701 703 47 lazz mag», aux « Cahiers du Cinéma»,

33 732 709 49 Eux - Cahiers du jazz », revues métaphy¬

33 771 707 45 siques s’il en fut. Le Parti, l’Eglise, les

33 810 705 45 gens du jazz n’ont pu faire mieux. Que

33 841 707 49 es uns et les autres regrettent (et moi

31 878 707 43 aussi qu’un Harry Edison ou un Dizzy

31 914 707 48 Gillespie n’aient pas la popularité d’un

29 953 707 44 Adamo, soyez-en convaincu. Vous avez

29 988 709 48 un remède, vous ? le vous en prie, dites¬

27 1021 138 50 le nous.

25 1069 715 49 L'union culturelle du Sénonais s’est fixé,

27 1114 709 45 entre autres tâches, celle de participer à

25 1142 715 50 la promotion du jazz tant sur le plan régio¬

23 1182 713 45 nal que national. L’objet est multiple. Le

23 1212 715 54 but sera atteint, je n’en doute pas, si vous

23 1257 713 40 donnez réponse à cette lettre. Plus concrè¬

23 1292 715 42 tement, vous serait-il possible de venir

25 1327 711 50 dans notre ville et d’y présenter une

23 1366 712 43 conférence sur le jazz? Enfin, je souhaite¬

21 1397 714 49 rais obtenir des conseils de votre part

23 1434 710 51 pour l’organisation d’un concert ou d’un

21 1467 710 45 festival, compte tenu du fait que nous

23 1498 710 51 n’envisageons d’en tirer aucun autre béné¬

23 1541 708 51 fice que le plaisir d’écouter. (Jean-Claude

19 1574 641 59 Bride, 61, rue Thénard, Sens, Vonne.)

17 1633 714 46 l’aimerais pouvoir me déplacer plus sou¬

17 1672 714 43 vent mais mon travail me retient actuel¬

19 1703 710 52 lement à Paris, chaque jour. le renonce

21 1738 710 49 à toute conférence. Vous devez, pour or¬

17 1775 710 55 ganiser votre festival, prendre contact,

19 1818 712 41 directement, avec les musiciens parisiens

17 1847 712 51 dont les adresses sont publiées dans - Le

15 1882 714 55 quide du Show Business » (guide profes¬

19 1921 710 51 sionnel du spectacle), Société d’Editions

17 1958 716 59 radioélectriques et phonographiques, 5, rue

17 1991 293 55 d’Artols, Paris-8.

814 452 716 44 o Existe-t-il des thèmes édités des lazz

813 491 713 48 Messengers? (André Cacelles, groupe Le

814 524 714 48 Bayard, bâtiment B6, La Ponatière, Echi¬

814 561 229 54 rolles, Isère.)

811 621 715 53 o En passant, je vous signale que je ne

811 666 711 45 cesse de relire votre « Histoire du jazz

813 705 713 43 moderne», le plus parfait ouvrage paru

814 742 712 47 sur le jazz! Peut-on savoir si des parti¬

813 777 713 43 tions de piano de Monk, Bud Powell, Gar¬

813 808 709 55 ner, sont disponibles ? (Claude Chabaud,

813 845 707 51 recette de l’Enregistrement, Bagnols-sur¬

809 878 222 57 Cèze, Gard.)

813 929 713 59 On trouvait ca. un temps, chez Max

811 972 709 49 Eschig, rue de Rome, qui possédait un bon

814 1007 704 45 rayon » de jazz. De toute façon, pour

813 1040 703 49 les textes musicaux américains, chacun

807 1075 709 53 sait qu’on les obtient par Doléjal, 10 bis,

809 1114 705 47 rue du Vieux-Collège, à Genève, Suisse.

809 1147 707 53 le l’al déjà dit, bien sûr, mais on ne lit

809 1184 709 55 pas toujours tous les lazz-Hot. C’est dom¬

807 1221 711 47 mage : on y perd! Si Doléjal exige des

805 1255 709 48 conditions de paiement difficiles, récrivez¬

805 1294 709 44 moi, je m’arrangerai pour vous faire par¬

807 1329 711 48 venir votre commande. N.D.L.R. : essayez

805 1366 653 46 le Discobole, Gare Saint-Lazare, Paris.

807 1414 711 51 Veuillez m’excuser pour mon anglais som¬

807 1457 705 51 maire. Nous nous passionnons pour le

805 1490 709 53 jazz en Hongrie mais nous avons des dif¬

807 1527 709 53 ficultés à nous satisfaire en disques et

805 1566 713 49 concerts. Deux orchestres seulement sont

805 1601 713 47 venus de l’Ouest : Louis Armstrong et

803 1633 713 48 Chris Barber. Pour Armstrong, quatre-vingt

803 1676 713 42 mille personnes se sont rendues au Stade

805 1705 711 52 de Budapest. Nous ne pouvons acheter du

803 1746 711 46 jazz qu’au marché noir et très cher. Un

803 1779 713 47 club de jazz existe toutefois. Il a été fondé

803 1814 709 51 par Willis Connover. Nous écoutons ses

801 1845 711 57 programmes sur V.O.A. Nous disposons,

803 1888 709 45 dans ce club, de livres, de magazines, de

801 1925 710 47 disques, d’affiches, de photos des festi¬

799 1958 710 53 vals et concerts de jazz. Nous sommes

799 1997 710 53 des collectionneurs, vous voyez. Nous

1594 440 718 58 avons reçu la « Nouvelle Encyclopédie du

1596 487 714 52 lazz », de Feather. Nous sommes passlon¬

1596 520 710 58 nés par lazz-Hot. Nous remercions tous

1596 561 712 47 ceux qui font cette revue. Nos membres

1594 596 712 43 traduisent tous les articles en hongrois.

1594 631 714 47 lazz-Hot est meilleur que Down Beat,

1596 666 710 53 d’ailleurs. Pouvez-vous envoyer la collec¬

1594 695 712 55 tion 65-66? Nous voudrions vous remer¬

1594 738 712 55 cier de votre gentillesse en vous adres¬

1592 773 714 53 sant ce que vous souhaitez de Hongrie.

1592 806 712 51 le suis ingénieur, ma femme aussi. J'ai été

1594 849 710 43 fort long. le suis votre ami. (Attila Martin,

1590 878 718 53 Budapest XIV, Ilka utca 32 III/5 Hongrie.)

1590 939 716 49 le porte votre requête à la connaissance

1590 972 716 57 de Philippe Koechlin et vous remercle de

1590 1013 712 47 ces informations. Sachez qu’à - France

1588 1042 710 55 Culture » l’émission « Connaître le jazz »

1588 1081 714 57 parle régulièrement des musiciens de l'Eu¬

1590 1118 710 51 rope centrale ou de l’Est et fait entendre

1590 1155 710 49 leurs œuvres. Leurs noms ne sont plus

1590 1188 710 55 inconnus de nous. Si je devais les citer

1588 1225 712 61 tous, une colonne de » Jazz-Hot = n’y

1588 1264 221 55 suffirait pas.

1587 1311 715 62 l’aimerais entrer en contact avec des mu¬

1588 1362 712 43 siciens de jazz français. le suis moi¬

1587 1399 711 50 même planiste et compositeur. le vou¬

1588 1436 710 45 drais échanger des idées. le paierais vo¬

1588 1467 706 53 lontiers cette annonce. (Milos Dolysi:

1587 1502 713 59 Slovanska 9/1721 Avirov VIl Tchécoslova¬

1585 1543 103 51 quie.)

1583 1596 715 52 Payer? Pourquoi? Comment? Par un

1585 1637 711 50 abonnement de soutien, peut-être ! Pensez¬

1585 1668 711 48 vous! Ce n’est pas le genre de la mai¬

1585 1705 711 50 son. Pauvres, mais dignes. Votre souhait

1587 1742 707 47 transmis, puisse une correspondance. à

1587 1777 709 51 travers moi, s’établir entre vous et les

1585 1816 707 49 gens de Paris ou de province. Ainsi le

1583 1849 711 49 courrier des lecteurs engendrerait-il des

1585 1888 709 49 courriers parallèles. L’idée d’une sem¬

1587 1919 477 74 blable fécondité me réjouit.

1967 1978 294 74 Lucien MALSON.

803 2658 715 54 o Dimanche 12 février. Un saut chez

801 2697 711 47 Minton’s/Harlem, où l’omniprésence de Par¬

801 2730 713 49 ker et de Monk se fait toujours sentir, bien

799 2767 715 45 que l’endroit n’ait quère été peuplé, ce

803 2804 709 51 soir-là. Le Ray Bryant quartet se compo¬

801 2841 713 49 sait de Ray au piano, Norris Turney au

803 2876 709 51 tenor, alto et flûte, Paul Wess à la basse,

801 2909 711 45 et Rosselo Oliphant (nom ravissant ! !) à

801 2940 715 51 la batterie. Le barman « Charlie », vous sert

803 2983 711 51 des pots énormes... J’at l’insigne honneur et

803 3018 711 53 le plaisir de faire la connaissance du cri¬

803 3053 711 49 tique lohn Hammond. John supervisa l’enre¬

803 3094 713 45 gistrement de son premier disque avec

803 3126 711 52 Fletcher Henderson en 1932, et a l’air plus

801 3163 713 48 jeune que jamais... son secret : il ne boit

801 3202 711 42 pas une goutte d’alcool... (les hommes meu¬

803 3237 709 42 rent jeunes dans notre famille!! !). Ham¬

803 3276 713 42 mond et moi avons eu une amusante

803 3307 713 64 conversation au sujet de - l’Homme de

1581 2658 715 58 Montauban »... Le même Hammond le

1583 2697 713 52 croyait décédé... méchant Hammond... Le

1583 2738 711 48 ténor Stanley Turrentine vint se joindre à

1585 2775 709 45 nous, et le maître des lieux, Rudolph Toung,

1585 2808 711 47 nous offrit une tournée. Le ténor Norris

1587 2841 709 47 Turney, semblant relativement influencé par

1583 2874 713 57 Lucky Thompson et Benny Golson, swingue

1585 2913 709 51 comme une vraie maison. Il compose éga¬

1583 2950 715 47 lement de jolies mélodies, particulièrement

1585 2987 711 43 son « Riverside Perpetual », ravissante bal¬

1583 3022 711 49 lade en ré. D’une manière générale. la

1583 3051 715 53 musique jouée ce soir-là fut très - down

1585 3094 711 45 to earth» (au ras du sol !! !). Je sais par

1583 3133 711 49 avance que certains ne comprendront pas

1587 3168 711 43 ce qui suit, mais cela n’a guère d’impor¬

1583 3200 713 48 tance de toute façon : Je ne peux m’em¬

1587 3241 713 46 pêcher de me marrer quand je vois ces

1585 3274 713 50 femmes de couleur avec des perruques

1585 3307 713 68 blondes... rien moins qu’une manifestation

2259 3354 39 72 2

84 2154 1229 187 jazz actualités

337 2860 80 57 de

183 2923 392 78 new york scene

354 2995 39 68 à

239 3061 273 86 paris seine
