2480 3508
130 79 718 47 Don, comme on s’en rendit compte au

134 116 712 47 concert de l’O.R.T.F., déjà cité. Don et Karl

134 150 710 54 jouent maintenant du pipeau, créant ainsi

132 189 712 48 des sonorités nouvelles au cours des pas¬

132 224 710 52 sages où ils pratiquaient cet instrument,

132 257 710 50 souvent ensemble. Don se mit également

132 294 712 50 souvent au piano, que Karl Berger utilisait

134 335 708 45 quelquefois aussi, bien entendu. Je ne re¬

132 364 708 51 viendrai pas sur la musique, elle-même,

130 403 710 47 toujours aussi fantastique et que Patrice

130 438 710 57 Blanc Francard vous décrira dans son

130 477 566 47 compte rendu du concert O.R.T.F.

128 514 712 58 Le samedi, Barney Wilen à l’O.R.L.F. allait

128 555 710 49 nous réserver une surprise de taille. En

130 588 708 51 effet, après une excellente première partie

130 625 706 53 assurée par Jean-Claude Naude et son

128 662 710 47 grand orchestre (voir le compte-rendu de

124 695 714 49 Pierre Lafargue), il nous présentait en pre¬

126 734 710 49 mière mondiale, à la Salle 105 de la Maison

128 769 708 49 de FOMR.LF., une œuvre hardie, passion¬

124 800 714 51 nante. « Grand prix formule 1 » imaginée par

124 838 714 50 le saxophoniste et dédiée à Louis Chiron, le

126 878 710 43 "Caballero della pista ». Pendant une

124 912 710 54 heure. Barney Wilen, ténor et soprano,

124 947 710 50 François Tusques et Joël Vandrogenbruck,

122 986 714 44 pianos, l.-F. Jenny Clark et Bernard Gué¬

126 1019 708 48 rin, basses, lacques Thollot et Eddy Gau¬

122 1050 710 51 mont, batteries, improvisèrent sur le décor

122 1093 712 47 sonore d’une bande magnétique, enregistrée

122 1128 708 54 lors du grand prix de Monaco. Idée sédui¬

122 1163 710 51 sante, expérience exceptionnelle, résultat

120 1204 708 47 extraordinaire. En fait, je commets une

122 1237 702 49 grave erreur en parlant de décor sonore.

118 1270 710 51 La bande faisait partie de l’œuvre au même

118 1305 710 51 titre que l’improvisation des musiciens et

120 1346 708 51 je pense qu’il faut la considérer comme

118 1379 710 49 s’il s’agissait d’un grand orchestre jouant

118 1414 712 47 une partition un peu spéciale. J’ai surtout

115 1449 715 51 retenu les passages où Barney Wilen fit

116 1488 712 49 preuve, non seulement d’une classe et

115 1518 713 50 d’une puissance insolentes — en particulier

116 1555 708 50 la conclusion au soprano, très coltranienne,

118 1594 708 54 alors que des accords monkiens s’élevalent

116 1635 708 44 du piano — mais encore d’une conviction

118 1666 704 47 qui me laisse penser qu’il est sur le

115 1699 707 51 point d’aboutir, de trouver l’évidence in¬

115 1736 705 60 terne qui caractérise les grandes créations.

477 1773 314 74 Michel DELORME.

425 2015 85 66 les

325 2073 291 80 légionnaires

432 2141 80 61 du

401 2208 133 56 duke

105 2451 717 53 Le silence règne dans les rangs : la légion

107 2492 711 51 ellingtonienne fourbit ses armes, le public

107 2529 711 47 s’impatiente, une légère ambiance des

107 2564 585 49 nuits de l’armée envahit la salle.

105 2603 715 59 Soudain tout s’anime, les légionnaires sont

111 2640 705 59 figés au garde à vous, le - Take the A

107 2679 709 51 train » retentit, le Duke apparaît, plus

105 2714 626 61 jeune et plus désinvolte que jamais.

101 2757 715 59 Ellington nous aime à la folle et ne se

103 2796 711 55 lasse pas de nous le répéter, Il aime aussi

103 2829 710 53 Hugues Panassié et, comme une bonne

99 2868 714 51 partle de ce concert lui sera dédiée, nous

101 2903 710 55 ne pourrons regretter cet amour coupable.

99 2936 714 75 La présence de Panassié nous vaudra un

95 2997 60 82 10

916 85 715 49 concert où les » specials requests » l’em¬

916 120 713 51 porteront sur la routine quasi-militaire du

914 155 715 55 répertoire ellingtonien. Routine malgré

914 187 712 50 tout, les morceaux qui permettent à

914 226 712 46 chaque grognard de s’illustrer sous le feu

916 263 711 52 de l’orchestre. Citons à l’ordre de cette

916 298 710 54 soirée : Henry Carney, le play-boy du

916 331 710 50 baryton; Cat Anderson, très proche de

912 370 712 47 Clark Terry lorsqu’il oublie son physique

914 401 712 53 (aigu); Paul Gonsalves, l’unique élément

916 440 708 47 « free »; Cootie Williams, l’extraordinaire

912 477 710 51 Cootie Williams (- Sheperd’s blues» et

916 510 706 49 « Concerto for Cootie », constituèrent le

912 549 710 55 sommet de ce concert); Lawrence Brown,

910 588 712 49 très Mac Bird avec ses lunettes! et enfin

910 617 712 59 Johnny Hodges, un état dans l’état

910 656 710 55 (Hodges donne toujours l’impression d’en

910 693 710 53 faire de moins en moins à chaque concert,

908 728 712 53 mais ce moins, c’est en fait de mieux en

906 765 123 47 mieux).

908 800 704 61 Mais venons-en au special request no ! :

908 843 710 53 « A Tone Parallel to Harlem »; cette suite

906 880 710 49 orchestrale met en valeur toutes les sec¬

906 914 714 54 tions de l’orchestre et l’on peut apprécier

906 949 710 50 leur cohésion et leur éclatante viqueur.

906 984 712 52 Aucun autre orchestre ne serait capable

906 1029 708 44 d’interpréter, sur simple caprice de son

904 1060 712 50 chef, une composition aussi délicate et

904 1095 712 52 aussi subtile que ce « Tone Parallel to

902 1126 172 53 Harlem ».

900 1165 716 60 Le special request no 2 fut un joyeux pas¬

904 1220 710 46 tiche de Willie Smith « The Lion» destiné

904 1253 291 48 à qui vous savez.

900 1292 716 48 Le Duke y fut extraordinaire de swing et

904 1325 708 64 de légèreté; il ne lui manquait que le

900 1366 341 54 melon et le cigare.

902 1403 712 56 En conclusion, nous eûmes droit à un

900 1446 710 46 concert de haute qualité où le Duke nous

900 1483 708 50 rappela que sa musique et ses musiciens

902 1518 706 48 n’étaient pas encore devenus des vestiges

900 1551 706 50 du passé mais demeuraient pour long¬

898 1590 712 54 temps encore un symbole de la continuité,

900 1623 572 51 de la jeunesse éternelle du jazz.

1245 1668 332 60 Philippe NAHMAN.

1082 1791 347 68 BOOM H. E. C.

922 1861 663 54 A l’occasion du Boom HEC 67, qui aura

922 1900 657 58 lieu le 20 mai 1967, à louy-en-losas-78,

924 1935 655 52 un tournoi de jazz amateur sera orga¬

922 1976 661 46 nisé dans l’enceinte même du Boom.

922 2011 659 47 Les orchestres désirant s’inscrire pour

924 2048 657 47 ce tournoi sont priés d’écrire ou de

922 2077 563 58 téléphoner avant le 30 avril au :

1058 2120 382 58 Bureau du Boom HEC

1117 2167 265 46 Ecole des HEC

1064 2200 376 52 1, rue de la Libération

1031 2270 441 56 Tél.: 950-11-86 poste 323.

1111 2245 277 42 louy-en-Josas-78

1023 2428 441 50 LES CONCERTS O.R.T.F.

926 2504 655 52 — Le 8/4, Salle 105, 18 h, Trio Georges Arva¬

1056 2469 382 54 par Michel DELORME

961 2543 433 45 nitas et orchestre Sonny Grey.

928 2572 645 51 — Le 16/4, Salle 104, 21 h. Festival de lazz

965 2603 606 43 Gitan avec loseph et Babik Reinhardt, Bou¬

965 2629 610 54 lou, Saranne et » Baro » Ferré, Viviane et

961 2658 162 49 les Briaval.

962 2680 602 103 Le 22/4, Salle 105, 18 h, trio Raymond Fol

962 2718 590 65 et Septet Christian Ramos-Jacques Di

955 2726 111 66 Donato.

1089 2802 303 49 LES CONCERTS

956 2823 620 76 Le 8 avril, Salle Pleyel à 21 h, le roi du

957 2878 505 49 Sitar Ravi Shankar, avec Alla Rakha.

914 2907 612 63 — Le 18 avril, Salle Pleyel, Ray Charles.

1702 81 713 55 • Le pianiste américain Herman Chittison

1698 118 715 53 qui séjourna en France avant la guerre et

1698 159 715 53 enregistra avec Django Reinhardt est mort

1696 198 626 53 d’un cancer le 8 mars à Columbus.

1702 257 711 48 • Les musiciens et amateurs de jazz rési¬

1698 298 713 50 dant dans le Lot-et-Garonne et désireux

1700 335 707 43 de répandre le jazz et de participer à la

1696 364 711 51 création d’un club de jazz sont priés de se

1698 401 707 55 faire connaître à lean-Pierre Vergine. Mal¬

1698 434 705 57 tre d’lnternat au Lycée Georges Leygnes,

1692 473 355 57 47-Villeneuve-sur-Lot.

1696 526 713 58 • L’Association Générale des Etudiants de

1694 572 713 49 Rouen organise le 19 avril un concert avec

1696 606 711 52 le trio de Martial Solal à la Salle Ste Croix

1694 645 399 56 des Pelletiers de Rouen.

1694 709 713 51 • Les 6 et 7 avril à minuit, jam sessions

1692 744 713 47 au « Club de l’épée de bois», 15, rue de

1692 779 713 55 l’Epée-de-Bois, Paris 5e. Au programme

1690 810 713 63 lvan Jullien, Bob Garcia, Maurice Vander.

1700 847 544 55 Gilbert Rovere, Charles Bellonzi.

1690 904 713 62 • Le Jazz Club de la Maison des Jeunes

1692 951 710 46 et de la Culture du Plessis-Robinson orga¬

1690 984 712 50 nise le samedi 15 avril 1967, de 21 heures

1692 1021 711 50 à l’aube, son premier Festival de Jazz, avec

1690 1050 712 55 le Big Band de Michel Terrioux, le trio de

1690 1089 708 53 Michel Roques. Ce festival (prix 7 F et 4 F.

1688 1126 714 49 M.J.C., J.C.F.) aura lieu à la Maison des

1688 1163 712 53 leunes et de la Culture du Plessis-Robinson,

1694 1204 670 53 rue André-Le-Notre, 92-Plessis-Robinson.

1688 1253 714 60 • Dany Doriz sera le 15 avril au Mans. Il

1688 1299 712 61 a joué récemment à Orléans avec Charles

1686 1336 117 53 Barrié.

1688 1383 710 63 • Le 7 avril, Michel de Villers et Michel

1688 1432 708 51 Sardaby se produiront en quartette à

1686 1467 708 51 Auxerre. Le 21 avril Guy Lafitte et Michel

1686 1500 708 51 Hausser seront à Grenoble pour le Bal

1686 1539 706 61 de l’Ecole Nationale supérieure d’Electro¬

1684 1576 105 57 nique.

1684 1631 727 56 • Le Hot Club de Lyon a repris ses acti¬

1684 1676 712 54 vités, 15, rue Royale, 1er, Son président

1682 1709 714 64 J.-Ch. Demichel, habite 1, place Robatel,

1682 1746 156 50 Lyon 1er.

1684 1837 706 59 Remise des prix de l’Académie du Jazz : Maurice

1682 1876 704 51 Cullaz félicite Gilbert Rovère, Prix Django Rein¬

1684 1903 687 49 hardt. Oscar : Cecil Taylor (Blue Note 4237.

1686 1929 690 51 Prix Fats Waller : Charlie Parker (Verve 511.033)

1684 1956 698 57 Prix du blues : James Brown (Polydor 657.111).

1906 2964 478 65 (suite du jazz actualités page 31)
