2428 3179
285 105 209 69 FESTIVALS
551 106 27 69 ET
634 100 215 76 CONCERTS
900 104 95 70 (suite)

1294 132 0 21 —
1350 132 19 21 Le
1405 132 128 21 Canadlen
1568 132 53 22 Tred
1658 132 72 22 otone
1767 132 0 22 a
1802 132 123 22 remplace
1964 132 65 22 VVIlIIe
2066 132 84 23 COOK,
2177 132 64 23 jeune
2276 132 87 23 marle,

1298 151 75 39 établi
1399 151 57 39 dans
1488 151 11 39 le
1540 151 86 40 Texas,
1652 151 54 40 dans
1738 151 11 40 le
1784 150 92 41 pupitre
1910 150 20 41 de
1965 150 149 42 trompettes
2149 150 163 42 d’Ellington.

1293 194 3 42 —
1347 195 94 45 Succès
1488 196 21 45 de
1556 196 7 47 la
1610 197 101 49 tournée
1758 198 116 51 Ellington
1924 199 18 48 en
1989 200 245 46 Extrême-Oorient
2274 202 18 40 et
2335 203 18 38 en

1296 238 140 42 Australie.

1300 365 56 46 Paul
1385 365 50 46 Bley
1469 366 19 44 et
1517 366 9 44 le
1564 366 110 44 Peacock
1711 367 164 42 Synthétizer
1906 367 60 42 Show
2010 368 100 40 doivent
2141 368 51 40 faire
2229 368 38 40 une
2302 369 62 38 tour¬

1296 406 38 42 née
1373 406 163 50 européenne
1571 406 11 48 à
1610 406 69 50 partir
1711 406 17 42 du
1766 406 56 43 mois
1860 406 94 44 d’août.

1300 521 17 47 Le
1363 521 68 47 grand
1477 522 127 47 orchestre
1647 522 21 47 de
1714 522 88 47 Claude
1848 523 135 46 Cagnasso
2029 523 0 46 a
2075 523 81 47 donné
2195 524 18 46 un
2259 524 106 46 concert

1299 561 6 44 le
1341 561 18 44 24
1392 561 57 44 avril
1476 562 9 43 à
1509 562 12 43 la
1555 562 93 43 Maison
1684 563 39 42 des
1753 563 87 42 Jeunes
1876 564 18 40 et
1921 564 21 40 de
1978 564 9 40 la
2023 564 94 40 Culture
2153 565 18 39 de
2210 565 156 39 Colombes.

1297 602 96 47 Michel
1422 603 112 46 Sardaby
1573 604 19 45 et
1621 605 38 44 son
1701 605 32 44 trio
1771 606 90 43 (Henri
1896 607 113 42 Tischitz,
2037 608 29 41 b.,
2098 609 103 40 Charles
2243 610 125 39 Bellonzi.

1301 644 29 35 d.)
1368 644 17 35 et
1422 645 30 35 Joe
1501 645 82 35 Turner
1622 645 37 35 ont
1696 646 89 35 tourné
1820 646 123 35 plusieurs
1985 647 136 35 émissions
2166 647 20 35 de
2228 647 131 36 télévision

1296 679 12 41 à
1337 679 156 41 Barcelone.
1525 680 0 40 A
1569 680 35 41 son
1645 680 94 41 retour,
1772 681 94 40 Michel
1898 681 62 40 s’est
1992 682 97 39 montré
2124 682 238 40 particulièrement

1297 715 111 40 satisfait
1442 716 18 42 du
1500 716 86 46 travail
1620 717 37 44 des
1694 718 160 42 techniciens
1894 719 157 38 espagnols.

1300 763 116 42 Georges
1463 762 144 46 Arvanitas,
1647 761 65 49 René
1751 760 130 52 Urtreger,
1921 759 105 46 Maurice
2076 758 98 49 Vander
2214 758 18 50 et
2271 757 94 53 Michel

1300 805 111 38 Graillier
1444 805 100 39 doivent
1574 805 156 40 enregistrer
1763 805 130 41 ensemble
1932 805 18 41 un
1989 805 84 42 disque
2112 805 54 43 dont
2200 805 45 43 lvan
2281 805 78 44 Jullien

1297 837 73 47 écrira
1406 838 29 45 les
1471 838 214 44 arrangements.

1298 909 25 18 LE
1359 909 81 18 TELUUI
1471 909 0 19 d
1506 909 0 19 I
1528 909 57 19 arIS,
1611 909 9 19 iC
1656 909 10 19 tI
1680 909 8 19 IO
1727 909 18 19 de
1782 909 31 19 Jei
1842 909 91 20 Glisoii
1960 909 0 20 a
1995 909 67 20 jUue,
2090 909 20 20 du
2152 909 13 20 19
2202 909 18 21 du
2256 909 23 21 el
2312 909 54 21 Ili81,

1296 923 18 37 au
1354 923 0 37 «
1386 922 146 38 Lucernaire
1570 922 17 39 ».
1616 922 17 39 Le
1670 922 35 39 trio
1742 922 46 39 doit
1817 921 149 40 également
1995 921 17 40 se
2050 921 112 41 produire
2199 920 21 42 au
2260 920 0 42 «
2294 920 64 42 Gill’s

1297 962 46 37 club
1380 962 0 37 »
1414 962 18 38 du
1466 962 0 38 3
1503 962 19 38 au
1558 961 16 39 12
1608 961 55 39 juin.
1690 961 31 40 Jef
1749 961 49 40 joue
1832 961 141 41 désormais
2010 961 18 41 de
2065 961 9 41 l'
2093 960 0 42 «
2117 960 89 42 Electra
2243 960 68 43 piano
2348 960 16 43 ».

1298 1003 19 46 La
1356 1003 166 46 comédienne
1561 1004 163 44 Anne-Marie
1763 1004 125 43 Coffinet,
1913 1005 49 42 bien
2000 1005 93 41 connue
2131 1005 39 41 des
2208 1006 90 40 milieux
2337 1006 19 39 du

1299 1045 44 42 jazz
1381 1044 121 43 parisien,
1534 1044 62 42 vient
1631 1044 18 42 de
1690 1044 100 42 prendre
1831 1043 9 42 la
1881 1043 118 42 direction
2040 1043 64 42 d’une
2149 1042 167 43 discothèque
2357 1042 9 42 à

1296 1082 9 44 la
1341 1082 84 44 mode,
1449 1082 36 43 sur
1512 1082 12 43 la
1558 1082 39 42 rive
1633 1082 99 42 droite;
1759 1082 36 41 elle
1831 1082 75 40 pense
1939 1082 135 40 organiser
2105 1082 120 39 quelques
2261 1082 96 38 soirées

1298 1117 19 38 de
1357 1117 44 39 jazz
1439 1117 56 40 avec
1533 1116 123 43 Siegfried
1696 1116 120 44 Kessler.

1299 1162 18 42 En
1356 1162 184 42 collaboration
1579 1162 54 41 avec
1672 1162 90 41 Gérard
1804 1162 133 40 Terrones,
1967 1163 9 38 le
2018 1163 0 38 «
2054 1163 108 38 4/quatre
2202 1163 0 38 »
2244 1163 18 37 de
2301 1163 60 37 Metz

1300 1197 63 44 vient
1392 1197 20 44 de
1451 1197 177 44 programmer
1660 1197 50 44 Mal
1739 1197 115 44 Waldron
1893 1197 19 44 et
1945 1197 17 44 se
2004 1197 108 44 propose
2151 1197 154 44 d’instaurer
2338 1197 20 44 un

1295 1239 110 39 système
1445 1239 155 39 permettant
1632 1239 37 39 aux
1707 1239 83 39 jeunes
1830 1239 147 39 orchestres
2014 1239 19 39 de
2073 1239 26 39 s’y
2140 1239 112 39 produire
2292 1239 72 39 régu¬

1295 1276 148 41 lièrement.

1299 1316 105 47 Lorsque
1443 1316 18 47 ce
1494 1316 97 48 numéro
1627 1315 123 49 paraîtra,
1775 1314 144 50 Armstrong
1955 1314 51 50 aura
2042 1313 148 52 également
2218 1312 148 53 enregistré

1298 1361 19 35 un
1357 1361 66 35 album
1472 1360 168 36 anniversaire
1680 1360 58 36 pour
1773 1360 0 36 «
1810 1359 73 37 Flying
1925 1359 136 36 Dutchman
2104 1359 16 36 »,
2149 1359 11 36 la
2200 1358 94 37 marque
2336 1358 22 37 de

1299 1395 43 37 Bob
1391 1395 90 38 Thiele.
1517 1394 108 40 Celui-ci
1662 1394 18 40 a,
1714 1394 89 40 d’autre
1849 1394 58 41 part,
1944 1394 101 42 engagé
2085 1393 99 43 Ornette
2230 1393 138 44 Coleman,

1301 1430 96 39 George
1436 1429 112 39 Russell,
1578 1429 72 39 Chico
1691 1429 118 38 Hamilton
1847 1429 19 37 et
1899 1428 94 38 Gunter
2026 1428 117 38 Hampel.

1301 1480 64 38 Nous
1399 1479 145 40 apprenons
1581 1479 9 41 le
1627 1479 77 41 décès
1738 1479 22 42 de
1800 1478 46 43 Otis
1883 1478 99 44 Spann.

1297 1529 25 41 Un
1362 1528 68 42 album
1476 1528 21 42 du
1534 1528 101 42 pianiste
1675 1527 83 42 André
1792 1527 114 42 Persiany
1946 1526 46 43 doit
2026 1526 70 43 sortir
2130 1526 40 42 très
2210 1525 154 43 prochaine¬

1298 1568 64 37 ment
1394 1568 39 38 sur
1466 1568 65 38 label
1564 1568 0 38 «
1603 1568 68 39 Black
1715 1568 36 39 and
1795 1568 49 40 Blue
1888 1568 16 40 ».

1300 1608 39 50 Ray
1381 1609 89 49 Bryant
1505 1609 36 50 est
1576 1610 142 49 désormais
1761 1611 57 48 sous
1860 1612 96 47 contrat
1995 1613 53 47 avec
2094 1613 117 47 Atlantic.

1301 1658 0 46 «
1335 1658 45 46 New
1425 1658 52 46 King
1515 1658 18 46 of
1563 1659 64 46 blues
1664 1659 143 46 harmonica
1844 1659 0 46 »
1882 1659 33 46 est
1945 1659 11 46 le
1994 1659 41 46 titre
2076 1659 45 47 d’un
2162 1660 94 46 nouvel
2286 1660 64 46 album

1299 1695 18 42 de
1354 1694 58 47 Little
1451 1693 98 52 Sonny.

1298 1751 0 48 °
1341 1751 39 48 Les
1416 1751 0 48 «
1449 1751 46 48 Jazz
1531 1751 55 47 Fans
1622 1751 99 47 Belin»
1757 1751 150 47 organisent
1936 1751 20 46 en
1995 1751 144 46 septembre
2175 1751 20 46 un
2231 1751 128 45 concours

1297 1797 10 45 à
1337 1797 135 45 l’intention
1512 1797 37 45 des
1592 1797 144 44 orchestres
1776 1797 126 44 amateurs
1942 1797 19 44 de
2004 1797 43 44 jazz
2086 1797 19 44 et
2142 1797 18 43 de
2203 1797 163 43 pop-music.

1298 1861 213 48 L’’A.F.A.J.N.O.
1542 1862 112 47 organise
1693 1863 11 46 le
1739 1863 105 47 samedi
1871 1863 0 47 4
1910 1863 70 47 juillet
2015 1864 69 46 1970,
2111 1864 59 46 sous
2208 1864 8 46 le
2255 1865 101 45 Kiosque

1300 1905 9 39 à
1336 1905 110 39 musique
1478 1905 20 38 du
1533 1904 69 39 jardin
1637 1904 19 39 du
1692 1904 192 38 Luxembourg,
1911 1904 19 38 un
1966 1904 104 37 concert
2097 1903 77 38 public
2210 1903 16 38 et
2256 1903 110 37 malheu¬

1298 1939 151 44 reusement
1478 1939 90 44 gratuit
1600 1939 57 44 pour
1690 1939 189 44 commémorer
1911 1939 10 44 le
1959 1939 35 44 70e
2023 1939 174 44 anniversaire
2235 1939 16 44 de
2293 1939 64 44 Louis

1299 1978 165 48 Armstrong.

1299 2039 25 48 Du
1368 2039 14 48 12
1422 2039 18 48 au
1483 2039 18 48 23
1541 2039 54 48 mai,
1628 2040 7 46 le
1682 2040 94 46 Théâtre
1816 2040 21 46 de
1877 2040 11 46 la
1928 2040 54 46 Cité
2014 2040 148 46 (boulevard
2206 2041 119 44 Jourdan)
2358 2041 0 44 a

1297 2083 123 39 présenté
1454 2083 10 39 la
1504 2083 107 40 dernière
1651 2082 65 41 pièce
1756 2082 18 41 de
1814 2082 19 41 Le
1873 2082 40 41 Roi
1943 2081 87 42 Jones,
2060 2081 89 43 SLAVE
2193 2080 80 44 SHIP,
2303 2080 56 44 dans

1296 2121 39 38 une
1369 2120 53 39 mise
1456 2120 17 38 en
1507 2119 73 39 scène
1616 2119 20 38 de
1669 2118 96 39 Gilbert
1793 2117 101 40 Moses.
1922 2117 17 39 La
1975 2116 110 40 musique
2118 2115 20 40 de
2175 2115 16 40 ce
2225 2114 132 41 spectacle

1297 2156 0 37 a
1333 2156 40 37 été
1401 2155 68 37 écrite
1508 2155 36 37 par
1578 2155 81 37 Archie
1698 2154 78 37 Shepp
1815 2154 18 37 et
1864 2154 94 36 Gilbert
1989 2153 112 37 Moses;
2133 2153 33 36 elle
2205 2152 58 37 était
2291 2152 71 36 inter¬

1299 2191 77 43 prétée
1412 2191 37 43 par
1479 2190 100 44 Charles
1613 2190 90 44 Davis,
1726 2189 101 45 Richard
1860 2189 74 45 Fells,
1957 2189 50 45 John
2041 2189 103 45 Griggs,
2171 2188 43 46 Bob
2251 2188 114 46 Ralston,

1298 2228 112 38 Michael
1449 2227 76 39 Ridley
1570 2227 16 40 et
1625 2227 125 41 Leopoldo
1798 2226 121 43 Flaming,
1951 2226 58 43 sous
2054 2226 10 43 la
2108 2225 116 45 direction
2272 2225 19 46 de
2336 2225 19 46 ce

1297 2261 113 50 dernier.

1299 2325 0 46 °
1342 2325 37 46 Les
1419 2326 117 45 Swinger
1569 2327 21 43 et
1623 2327 27 43 les
1690 2327 57 43 Four
1780 2328 80 42 Bones
1904 2328 20 41 de
1964 2329 117 40 François
2121 2330 0 39 «
2161 2330 57 39 Frick
2261 2330 0 38 »
2305 2331 53 37 Guin

1295 2371 40 39 ont
1362 2371 147 39 enregistré
1536 2371 45 38 huit
1611 2371 134 38 morceaux
1777 2371 29 38 les
1844 2370 34 38 12,
1905 2370 16 38 13
1959 2370 16 38 et
2007 2370 16 38 14
2057 2370 46 38 mai
2132 2370 54 38 1970
2221 2370 18 37 au
2277 2370 80 37 Studio

1297 2407 84 40 Hoche
1416 2407 58 41 pour
1506 2406 93 42 Riviera
1634 2406 20 43 en
1695 2406 36 43 vue
1769 2406 20 43 de
1830 2406 103 44 l’édition
1975 2406 45 44 d’un
2058 2405 93 46 nouvel
2184 2405 93 46 album.

1296 2476 0 40 e
1339 2476 81 41 Sonny
1456 2476 121 43 Sharrock
1614 2476 50 44 sera
1697 2476 10 44 à
1734 2476 64 45 Paris
1831 2476 10 46 à
1868 2476 70 47 partir
1968 2476 20 47 du
2022 2476 20 48 22
2075 2476 61 49 juin.

1298 2565 52 47 UNE
1388 2564 164 47 NOUVELLE
1587 2563 96 47 REVUE
1709 2563 0 46 :
1738 2562 93 47 SOUTH

1296 2624 19 48 Le
1352 2619 128 53 Jazz-Club
1521 2619 217 52 d’Aix-Marseille
1776 2622 64 48 vient
1873 2617 105 53 d’éditer
2012 2616 8 53 le
2061 2615 105 54 premier
2200 2615 97 54 numéro
2338 2623 19 45 de

1298 2668 0 41 «
1330 2668 72 41 South
1439 2668 14 40 »,
1476 2668 38 40 une
1548 2667 124 41 plaquette
1706 2667 20 40 de
1758 2667 17 40 26
1809 2667 75 40 pages
1918 2667 55 40 (0,14
2007 2667 0 39 x
2045 2666 66 40 0.20)
2137 2666 68 40 ronéo
2240 2666 123 39 soigneu¬

1296 2702 99 43 sement
1429 2704 123 42 brochée.

1299 2762 21 37 Au
1357 2761 130 38 sommaire
1523 2761 18 37 de
1578 2761 15 37 ce
1630 2760 96 38 numéro
1763 2760 0 37 :
1791 2760 0 37 «
1825 2760 26 37 De
1885 2759 167 38 l’objectivité
2080 2759 19 37 en
2135 2758 96 38 matière
2268 2758 18 37 de
2323 2758 39 37 cri¬

1295 2792 78 44 tuique
1411 2792 17 44 de
1465 2792 45 44 jazz
1547 2791 17 46 »,
1591 2791 38 46 par
1660 2791 71 46 Pierre
1769 2791 180 46 Montalbano,
1980 2791 0 46 «
2014 2791 21 46 Le
2072 2790 45 48 jazz
2151 2790 0 48 a
2188 2790 171 48 soixante-dix

1297 2834 36 39 ans
1372 2834 0 39 :
1405 2834 66 39 Duke
1510 2833 117 40 Ellington
1669 2833 15 40 »,
1717 2833 39 40 par
1792 2833 58 40 Félix
1889 2833 111 40 Sportis,
2033 2833 0 40 «
2078 2832 51 41 Vers
2168 2832 39 41 une
2249 2832 105 41 certaine

1297 2868 192 42 appréhension
1531 2867 19 43 du
1592 2867 45 43 jazz
1678 2867 16 43 »,
1726 2867 39 43 par
1800 2867 48 43 Jean
1893 2867 138 43 Baudière.
2063 2866 137 44 Nouvelles
2242 2866 19 44 du
2306 2866 42 44 jazz

1298 2904 141 43 Concerts,
1461 2904 10 43 le
1502 2904 47 43 jazz
1580 2904 19 43 et
1624 2904 10 43 la
1665 2903 151 44 télévision,
1838 2903 47 44 Jazz
1917 2903 18 44 on
1967 2902 113 45 Records
2111 2901 161 46 complétant
2297 2901 59 46 cette

1294 2938 176 53 sympathique
1511 2939 169 54 publication.
1709 2940 15 43 («
1761 2940 69 50 South
1871 2940 18 43 »,
1919 2940 36 49 45,
1981 2941 96 49 avenue
2113 2941 19 49 de
2169 2941 11 41 la
2220 2941 77 43 Rose,
2327 2942 33 44 13-

1294 2974 148 46 Marseille,
1471 2978 52 42 13e).

105 233 20 24 Le
163 233 110 24 restivai
299 233 20 23 de
355 233 80 22 Ivoide
471 233 144 22 (Norvegey
648 233 16 20 se
702 233 38 20 der
752 233 80 20 quiera
868 233 26 19 1es
932 233 18 19 20
986 232 17 19 et
1034 229 22 22 21
1088 229 86 22 julliet.

105 254 23 39 Au
160 252 155 41 programme
350 252 8 39 le
390 251 37 40 360
459 250 106 41 degrees
597 249 149 41 experience
781 248 54 41 avec
867 247 112 41 Grachan
1010 245 107 42 Moncur
1146 245 28 41 IIl,

107 289 90 39 Ronald
243 288 157 40 Alexander,
433 287 62 40 Dave
541 286 105 41 Burrell,
680 286 40 41 Ron
766 285 86 42 Carter
892 285 18 42 et
947 285 96 41 Beaver
1083 284 95 42 Harris,

107 325 82 48 Buddy
230 325 44 42 Tate
312 325 17 41 et
360 324 79 48 Benny
476 323 100 43 Bailey.

104 402 131 57 LONDON
290 400 72 57 JAZZ
413 402 147 54 FESTIVAL

105 474 0 45 —
160 468 20 51 Le
215 466 99 52 London
349 471 48 47 Jazz
428 464 115 53 Festival
570 466 52 50 1970
657 463 170 53 comprendra
862 461 64 54 Dave
965 459 110 55 Brubeck
1111 465 55 48 avec

109 510 25 49 G.
169 509 131 50 Mulligan,
336 509 81 49 Sonny
459 508 106 49 Rollins,
601 508 49 47 Earl
686 507 88 46 Hines,
810 507 113 44 Quintet,
958 507 7 42 le
1011 506 89 42 groupe
1146 506 17 40 de

111 549 53 40 Tony
205 548 132 41 Williams,
365 547 41 41 Ray
447 546 103 42 Charles
588 546 19 42 et
638 546 38 41 son
716 545 35 42 Big
792 545 59 42 Band
892 544 19 43 et
946 544 9 43 le
996 544 81 42 Buddy
1115 543 50 43 Rich

107 580 33 48 Big
184 582 80 44 Band.

111 621 50 50 Cela
198 621 93 49 devrait
320 620 58 50 nous
414 620 90 49 fournir
533 620 18 48 de
587 620 151 48 précieuses
774 619 148 48 indications
958 619 36 46 sur
1026 619 8 46 la
1070 619 97 46 version

112 669 14 37 70
162 668 20 37 du
218 667 59 38 Paris
311 666 48 38 Jazz
395 665 118 39 Festival.
541 664 59 38 Mais
633 662 177 40 aurons-nous
844 661 11 39 la
891 660 90 39 chance
1020 658 146 40 d’entendre

106 702 7 50 à
143 701 80 51 Pleyel
253 700 81 52 Buddy
371 699 77 53 Rich?

107 816 26 49 Du
176 820 14 44 19
227 822 18 42 au
281 814 21 49 21
338 814 55 49 juin,
421 824 18 38 au
479 811 112 51 Château
627 811 22 50 de
685 810 101 50 Rantilly
822 810 108 49 (Yonne)
963 807 54 51 trois
1053 807 116 50 journées

107 863 57 50 avec
203 863 7 48 le
252 862 68 48 grand
362 862 128 45 orchestre
529 862 17 43 de
589 861 78 48 Kenny
706 861 85 50 Clarke
819 860 110 46 -Francy
968 860 116 49 Bolland.

109 997 97 55 Annecy
241 1000 47 53 Jazz
323 999 78 54 Action
440 998 112 55 annonce
591 1010 59 44 pour
681 997 73 57 juin:

109 1043 14 46 13
163 1043 0 46 :
192 1043 18 46 en
246 1043 213 46 avant-première
495 1043 112 45 Festival
636 1043 18 45 de
690 1043 130 44 Montreux
856 1043 0 44 :
885 1043 79 44 Junior
993 1043 87 44 Mance
1119 1043 56 43 Trio.

111 1086 16 47 17
167 1086 0 47 :
200 1085 173 47 Inauguration
416 1084 114 47 officielle
573 1084 16 46 du
632 1083 52 47 Club
727 1083 55 46 avec
822 1083 39 46 J.L.
894 1082 86 46 Ponty.

108 1123 19 46 20
162 1123 0 46 :
191 1123 52 46 Free
278 1123 48 46 Jazz
361 1123 158 46 Workshop.

111 1235 89 54 Atelier
231 1241 19 47 74
281 1244 0 43 -
316 1232 70 55 Saint
413 1237 74 49 Jorioz
522 1243 0 42 :
553 1230 15 55 14
607 1236 0 49 :
638 1230 74 55 Junior
743 1232 85 52 Mance
867 1236 62 47 Trio,
956 1232 20 50 21
1010 1227 0 54 :
1041 1229 51 52 Free
1127 1235 46 45 jazz

107 1278 171 45 Workshop;
305 1279 18 44 28
361 1279 0 44 :
389 1279 42 44 J.L.
458 1279 87 45 Ponty,
573 1280 0 44 5
608 1280 73 44 juillet
712 1280 0 44 :
743 1280 63 45 X-tet
834 1281 17 44 et
882 1281 63 44 H.M.
973 1281 83 45 Boutin
1091 1282 34 44 (17
1160 1282 18 44 h,

106 1321 81 51 entrée
225 1321 133 51 gratuite).

110 1419 18 52 Le
169 1420 88 50 Centre
301 1422 114 47 Culturel
448 1424 19 44 de
507 1414 206 54 Châteauvallon
754 1413 129 53 (environs
923 1423 19 41 de
986 1411 103 53 Toulon)
1126 1414 51 48 pré¬

109 1466 98 38 sentera
248 1466 55 38 trois
344 1465 115 38 concerts
503 1465 19 38 de
566 1465 43 38 jazz
650 1464 55 38 dans
749 1464 8 38 le
801 1463 90 39 théâtre
935 1463 96 39 antique
1077 1462 0 39 :
1113 1462 54 39 avec

107 1497 148 44 l’European
289 1497 34 43 All
350 1496 65 43 Stars
449 1496 52 43 (J.L.
529 1496 86 42 Ponty,
643 1496 18 41 E.
689 1496 101 41 Louiss,
818 1496 25 40 D.
870 1495 111 41 Humair,
1006 1495 43 40 Nils
1086 1495 92 40 Peder¬

109 1540 54 38 sen,
193 1539 108 39 Henning
343 1538 108 40 Orsted,
478 1538 12 40 J.
520 1537 111 41 Surnan,
665 1537 21 40 Al
719 1536 168 41 Mengerdorf
920 1535 18 42 et
971 1535 66 42 Karin
1076 1534 99 43 Krog);

109 1575 18 44 un
169 1575 51 43 drum
271 1574 139 43 Workshop
452 1574 18 41 et
506 1573 9 41 le
557 1573 69 41 grand
668 1572 129 41 orchestre
839 1572 18 39 de
899 1572 100 38 George
1041 1571 78 38 Grunz
1158 1571 18 36 et

104 1607 10 47 la
156 1607 176 47 participation
374 1608 44 45 d’un
460 1608 90 45 groupe
591 1608 20 45 de
652 1609 45 43 free
736 1609 44 43 jazz
819 1609 38 43 qui
889 1609 113 43 pourrait
1034 1610 48 41 bien
1120 1610 45 41 être

108 1646 56 42 l’Art
199 1646 128 43 Ensemble
371 1646 19 43 de
434 1646 129 44 Chicago.

103 1741 22 56 EN
181 1746 79 51 VRAC

104 1807 0 54 —
158 1804 34 57 Joe
230 1811 88 50 Venuti
348 1819 0 41 a
381 1806 38 54 été
448 1801 156 59 hospitalisé
633 1810 59 50 pour
722 1806 21 54 un
776 1799 80 61 ulcère
890 1806 8 53 à
928 1802 101 57 Seatle.

109 1867 0 47 —
167 1861 80 53 Sonny
283 1862 144 51 Sharrock,
456 1863 7 49 le
503 1863 126 49 guitariste
669 1865 86 46 révélé
788 1865 36 46 par
860 1866 108 44 Pharoah
1008 1867 130 43 Sanders,
1167 1868 0 41 a

105 1907 80 39 formé
213 1907 37 39 son
287 1906 83 41 propre
406 1906 127 41 orchestre
569 1906 56 41 avec
665 1906 70 41 Teddy
772 1906 99 41 Daniels
904 1905 53 43 (tp),
984 1905 80 43 Norris
1098 1905 71 43 Jones

105 1939 33 51 (b)
167 1939 18 44 et
217 1940 94 44 Milford
351 1940 91 44 Graves
481 1941 192 44 (percussion).

105 1990 0 39 —
164 1990 62 39 Mort
263 1990 19 39 du
324 1990 127 40 guitariste
493 1990 17 40 et
546 1990 121 40 chanteur
706 1990 17 40 de
765 1990 67 40 blues
874 1990 51 41 Earl
958 1990 113 41 Hooker,
1104 1990 26 41 né
1166 1990 9 41 à

110 2022 146 46 Clarksdale
290 2023 171 45 (Mississipi)
488 2024 10 44 le
536 2024 17 44 15
587 2024 92 45 janvier
713 2025 47 44 1930
798 2025 17 44 et
845 2026 86 43 révélé
958 2026 7 43 à
995 2026 126 43 Chicago.

106 2073 0 42 —
157 2073 61 42 Mort
255 2073 20 42 au
318 2074 81 40 Harlem
454 2074 120 40 Hospital
609 2074 17 40 de
669 2075 12 38 la
727 2075 138 38 chanteuse
908 2075 20 38 de
974 2075 63 38 blues
1083 2076 84 36 Lucille

104 2110 135 39 Hegamin,
267 2110 56 39 âgée
360 2110 19 40 de
416 2111 17 39 80
469 2111 39 39 ans
542 2111 115 39 environ.
688 2111 36 39 Elle
761 2111 31 39 fut
820 2111 76 39 parmi
926 2112 26 39 les
988 2112 140 39 premières
1162 2112 9 39 à

106 2149 102 37 chanter
239 2149 10 36 le
286 2149 23 36 St
338 2148 67 37 Louis
439 2148 86 37 Blues.
554 2148 36 36 Elle
629 2148 37 36 dut
694 2148 18 36 sa
749 2148 143 36 popularité
921 2147 10 36 à
957 2147 18 36 un
1014 2147 157 36 enregistre¬

106 2184 63 37 ment
200 2184 18 37 de
255 2183 127 38 Arkansas
419 2183 70 37 Blues
526 2183 18 37 en
583 2182 71 38 1921.
680 2182 91 37 Retirée
810 2182 18 37 en
870 2182 70 37 1930,
969 2181 34 38 elle
1042 2181 63 37 avait
1136 2181 39 37 fait

104 2221 18 36 un
162 2221 64 36 come
264 2221 56 37 back
357 2221 19 37 en
416 2221 120 37 1961-62.
563 2221 40 37 Elle
640 2221 64 38 avait
733 2221 91 38 chanté
856 2221 56 38 avec
950 2221 133 39 Ellington,
1112 2221 51 39 Jelly

105 2253 49 51 Roll
185 2254 94 50 Morton
321 2255 17 49 et
369 2255 77 49 James
484 2256 21 48 P.
533 2256 129 48 Johnson.

106 2303 0 40 —
159 2302 75 41 Jimmy
269 2301 107 42 Gourley
410 2300 16 42 et
454 2300 10 42 le
498 2298 167 44 trompettiste
702 2298 44 43 Don
784 2297 69 44 Jetter
885 2296 34 45 ont
951 2295 84 46 ouvert
1064 2295 22 45 un
1120 2294 47 46 club

105 2338 9 44 à
141 2338 39 44 Las
213 2338 111 44 Palmas.
354 2338 18 43 Ils
405 2339 120 42 devaient
555 2339 42 41 être
633 2339 100 41 rejoints
769 2339 36 41 par
835 2339 9 40 le
880 2339 186 40 saxophoniste
1102 2340 54 38 Brew

104 2373 104 48 Moore.

103 2423 0 40 —
157 2423 19 40 Le
213 2421 186 42 saxophoniste
436 2421 98 42 baryton
571 2420 51 43 Nick
663 2419 110 44 Brignola
810 2419 38 44 qui
876 2418 63 45 avait
967 2418 38 45 fait
1033 2417 129 46 sensation

104 2460 10 40 à
152 2459 100 41 Antibes
296 2459 56 41 avec
399 2459 35 42 Ted
481 2458 94 43 Curson
622 2458 0 43 a
666 2458 85 43 monté
789 2457 18 44 un
851 2457 132 45 ensemble
1027 2456 135 46 Jazz-Rock

106 2493 88 42 (Mixed
235 2494 62 41 Bag)
327 2494 38 42 qui
394 2494 62 42 s’est
489 2495 100 42 produit
621 2496 106 42 mi-mars
766 2496 9 42 à
807 2496 104 43 Albany.

106 2541 0 46 —
160 2541 114 46 Georges
307 2541 104 46 Russell
434 2542 0 45 a
467 2542 77 45 quitté
568 2542 110 45 l’Europe
712 2542 30 45 où
765 2542 10 45 il
798 2542 57 45 était
879 2542 57 45 fixé.
959 2543 10 44 Il
992 2543 121 44 enseigne
1150 2543 16 44 au

105 2574 202 42 Conservatoire
347 2577 17 39 de
404 2577 9 40 la
450 2578 294 41 Nouvelle-Angleterre
784 2581 17 38 et
836 2581 17 38 en
893 2582 112 38 Indiana.

108 2620 50 48 Thad
191 2621 70 48 Jones
291 2622 20 47 et
338 2623 50 46 Mel
408 2623 73 46 Lewis
515 2624 26 46 lui
565 2625 36 45 ont
631 2625 154 46 commandé
812 2627 40 44 des
882 2628 197 44 arrangements
1109 2630 60 42 pour

104 2665 47 39 leur
185 2666 29 40 big
254 2667 78 43 band.

104 2735 138 46 Nouvelles
280 2737 20 45 de
341 2737 90 46 Marion
470 2738 99 47 Brown.

104 2782 143 48 Naissance
288 2785 21 45 de
351 2782 38 49 son
431 2781 45 51 fils,
508 2783 93 49 Diindii
633 2788 59 45 Ebou
734 2785 101 49 Brown.
866 2789 90 46 Marion
1002 2790 0 45 a
1043 2785 129 51 composé

103 2831 8 38 la
151 2831 109 39 musique
301 2831 17 39 de
358 2831 0 39 «
396 2831 183 40 Shakespeare
617 2831 8 40 in
666 2831 83 40 Harlem
798 2831 0 41 »
832 2831 20 41 de
890 2831 123 41 Langston
1053 2831 118 42 Hughes.

105 2862 21 43 Le
168 2862 132 44 spectacle
345 2864 0 42 a
391 2864 18 42 eu
454 2864 36 43 lieu
538 2865 18 42 au
601 2865 93 43 Hardee
742 2866 75 42 Circle
865 2867 157 42 Community
1067 2868 105 42 Center,

104 2901 107 41 Atlanta,
239 2901 123 41 Georgie.
387 2902 9 40 Il
424 2902 34 40 est
486 2902 73 40 aussi
584 2902 104 40 l’auteur
719 2902 16 40 et
766 2902 149 40 l’interprète
951 2903 17 39 de
1005 2903 11 39 la
1053 2903 106 39 musique

106 2937 46 44 d’un
192 2937 68 44 court
294 2938 107 43 métrage
441 2938 22 43 de
502 2938 90 43 Gérard
634 2939 62 43 Pires
736 2939 175 43 (Erotissimo)
945 2939 36 43 qui
1015 2940 49 42 doit
1098 2940 71 42 sortir

103 2975 229 52 prochainement.

107 3034 30 45 30
