2480 3195
84 1698 166 68 BRIGITTE
291 1699 222 65 FONTAINE,
550 1700 139 62 ARESKI
730 1700 28 61 ET
804 1701 97 59 L'ART
947 1701 194 58 ENSEMBLE

84 1764 30 60 DE
164 1762 169 61 CHICAGO
392 1773 0 48 A
456 1764 25 57 LA
540 1770 59 50 FAC
654 1767 199 52 DAUPHINE

85 1871 17 40 15
146 1865 58 46 avril

85 1920 36 41 Elle
158 1920 17 41 se
214 1920 28 40 dit
273 1920 50 40 folle
360 1920 42 40 (1).
433 1920 36 39 Elle
508 1920 84 39 chante
632 1920 36 38 des
707 1920 90 38 choses
836 1920 124 37 bizarres,
990 1920 40 37 qui
1058 1920 87 36 accro

84 1957 83 41 chent,
198 1957 37 41 qui
263 1957 144 41 derangent
438 1957 18 41 et
487 1957 49 41 font
567 1956 77 42 verdir
678 1956 27 42 les
742 1956 126 42 amateurs
905 1956 18 42 de
963 1956 99 42 Mireille
1099 1956 52 42 Ma

83 1996 58 36 thieu
178 1996 0 36 :
253 1995 26 37 Ca
319 1995 17 37 ne
376 1995 78 38 releve
494 1995 37 38 pas
571 1995 20 38 de
629 1994 11 39 la
680 1994 87 39 culture
807 1994 123 40 francaise
970 1993 20 41 et
1025 1993 17 41 ca
1082 1993 63 41 nest

85 2032 38 42 pas
160 2031 55 42 beau
258 2031 14 42 ,
303 2031 69 41 ecrit,
401 2030 106 42 furieux,
536 2030 17 41 un
593 2030 115 41 auditeur
740 2029 20 41 du
800 2029 135 40 pop-club.
969 2028 63 40 Cette
1073 2028 66 39 dame

85 2067 38 36 qui
156 2067 119 36 bouscule
321 2067 18 36 un
384 2067 36 35 peu
466 2067 7 35 la
519 2066 188 36 chansonnette
750 2066 18 36 se
814 2066 81 36 devait
933 2066 20 35 de
999 2066 147 35 rencontrer

84 2101 35 43 des
154 2101 56 43 gens
243 2101 47 42 qui,
316 2101 56 42 eux,
396 2101 156 42 malmenent
581 2101 171 41 allegrement
778 2101 9 40 la
822 2101 109 40 tradition
966 2101 179 40 jazzistique:

81 2137 54 44 lArt
165 2136 129 44 Ensemble
333 2136 21 42 de
393 2135 126 43 Chicago.
549 2135 115 41 Melange
703 2134 153 41 detonnant.
886 2134 105 39 Balayee
1033 2133 9 38 la
1081 2133 63 38 clas

82 2174 65 37 sique
183 2173 110 38 chanson
363 2173 39 37 rive
438 2172 93 38 gauche
601 2172 20 38 de
657 2172 56 38 deux
750 2171 104 39 minutes
887 2171 28 38 ou
943 2171 40 38 lon
1019 2170 129 39 saccom

86 2209 73 43 pagne
200 2209 9 43 a
242 2209 8 42 la
292 2209 123 42 guitare...
447 2209 44 42 Une
530 2209 61 41 sorte
633 2208 17 42 de
694 2208 47 42 reve
785 2208 27 41 ou
844 2208 206 41 limprovisation
1091 2208 47 40 joue

84 2241 18 45 un
140 2241 69 45 grand
247 2241 59 44 role,
334 2241 38 44 une
410 2241 109 43 chanson
560 2241 10 42 a
598 2241 135 42 geometrie
774 2241 103 41 variable
918 2241 37 40 qui
987 2241 56 40 peut
1075 2241 69 39 durer

84 2280 100 45 jusqua
219 2279 35 45 une
298 2279 85 45 heure.

85 2321 94 45 Brigitte
219 2321 113 44 Fontaine
373 2321 138 43 chuchote,
542 2321 60 42 crie,
630 2321 104 42 chante,
765 2321 110 41 dialogue
916 2321 53 40 avec
1007 2321 28 40 les
1072 2321 76 39 musi

83 2362 65 39 ciens
179 2362 19 39 ou
229 2361 56 40 avec
316 2361 20 39 un
367 2361 56 39 petit
448 2360 115 40 magneto
597 2360 16 40 de
647 2360 95 39 poche,
765 2359 157 40 prisonniere
956 2359 16 40 de
1009 2358 8 40 la
1051 2358 87 40 grande

81 2398 48 39 toile
167 2398 140 39 daraignee
345 2397 189 40 dinstruments
569 2397 86 40 tendue
692 2397 37 40 par
758 2397 29 40 les
821 2396 112 41 hommes
967 2396 21 41 de
1025 2396 8 41 la
1071 2396 74 41 Great

86 2429 64 47 Black
196 2429 92 47 Music.
327 2429 36 47 Elle
409 2430 28 46 dit
476 2430 160 46 linquietude
685 2430 89 46 devant
813 2430 21 46 un
880 2431 86 45 monde
1012 2431 136 45 inhumain,

84 2469 111 37 denonce
233 2469 11 36 la
279 2468 102 37 societe
409 2468 55 37 avec
500 2468 38 36 une
574 2468 106 36 ferocite
713 2467 188 37 devastatrice,
932 2467 104 36 doublee
1074 2467 66 35 dune

85 2504 87 43 grande
207 2503 135 44 tendresse
379 2503 57 43 pour
470 2502 25 44 les
533 2502 104 44 faibles,
665 2502 28 44 les
728 2501 150 45 inadaptes,
906 2501 26 44 les
969 2500 163 45 refractaires

82 2536 20 44 La
138 2536 108 44 musique
282 2536 20 43 de
338 2536 52 43 lArt
416 2536 131 43 Ensemble
583 2536 37 43 est
649 2536 16 42 un
702 2536 88 42 parfait
820 2536 59 42 ecrin
911 2536 59 42 pour
1000 2536 20 41 ce
1056 2536 85 41 poeme

85 2577 123 39 grincant.
238 2577 99 38 Malgre
369 2576 26 39 les
436 2576 179 38 apparences,
644 2576 27 37 les
711 2576 96 37 univers
847 2575 54 37 sont
935 2575 123 37 proches,
1091 2575 56 36 los

84 2612 65 45 mose
187 2612 0 43 a
227 2612 53 42 lieu.

85 2648 94 48 Brigitte
212 2649 115 47 Fontaine
363 2649 0 46 a
395 2649 145 46 enregistre
568 2650 58 45 pour
655 2651 108 44 Saravah
799 2651 18 44 un
853 2652 18 43 45
907 2652 62 42 tours
1001 2652 58 42 avec
1091 2653 54 41 lArt

84 2693 129 40 Ensemble
250 2693 32 39 (2)
314 2693 0 38 :
344 2692 269 39 malheureusement,
640 2692 11 37 la
688 2692 43 37 tres
768 2691 78 37 courte
886 2691 70 37 duree
993 2690 61 37 bride
1095 2690 53 36 visi

84 2726 111 48 blement
225 2726 180 47 linspiration.
435 2726 45 45 Plus
520 2726 91 44 reussis
647 2726 69 43 (mais
752 2726 46 42 plus
834 2726 164 42 classiques)
1027 2726 56 40 sont
1112 2726 30 39 les

85 2763 78 46 autres
201 2763 17 46 45
255 2763 65 46 tours
354 2763 34 46 (3)
408 2763 0 46 ;
439 2763 58 46 enfin
534 2763 21 46 un
592 2763 126 46 excellent
749 2763 17 46 30
807 2763 17 46 cm

875 2793 25 51 R.
930 2787 220 63 Szyfmanowicz.

83 2841 33 46 (1)
145 2840 94 47 Brigitte
275 2839 112 47 Fontaine
427 2839 61 47 est...
517 2838 79 47 folle;
625 2837 105 48 Saravah
770 2837 25 48 SH
838 2836 95 48 10001.

84 2886 32 53 (2)
147 2890 24 49 SH
214 2884 83 55 40015
333 2884 146 54 enregistre
511 2886 12 52 a
554 2886 60 52 Paris
649 2887 12 51 le
701 2887 15 51 15
756 2887 134 51 novembre
934 2889 65 48 1969.

79 2928 33 61 (3)
143 2929 24 60 SH
208 2930 19 59 40
253 2931 38 58 007
323 2932 19 57 et
369 2933 18 56 40
415 2933 53 56 008.

86 3022 0 0 S

1839 60 471 117 CONCERTS

1276 476 135 63 ERROLL
1461 475 152 63 GARNER
1667 484 0 53 A
1726 477 126 60 PLEYEL

1278 580 75 53 Erroll
1384 585 91 48 Garner
1511 585 43 47 (p),
1586 585 78 47 Victor
1700 585 114 47 Venegas
1854 585 47 46 (b),
1929 585 91 46 Harvey
2059 585 87 46 Mason
2185 585 71 45 (dm),
2288 585 47 45 Jose

1275 624 128 41 Mangual
1436 624 62 43 (bg).

1281 679 92 46 Pleyel,
1407 680 127 46 mercredi
1572 681 14 45 13
1630 682 45 44 mai
1712 683 66 44 1970.

1276 749 19 35 Le
1339 749 63 36 vieux
1445 749 135 36 Bechstein
1626 749 101 37 donnait
1763 749 142 38 devidents
1947 749 84 39 signes
2072 749 20 39 de
2138 749 107 40 fatigue,
2278 749 57 40 mais

1274 784 208 39 lincomparable
1518 784 132 40 dompteur
1681 785 34 39 sut
1743 785 87 39 encore
1864 785 28 39 lui
1920 785 93 39 donner
2044 785 16 39 un
2097 786 37 39 son
2170 786 101 39 unique.
2299 786 37 39 Les

1275 823 115 35 concerts
1433 823 19 35 de
1492 823 93 35 Garner
1620 823 16 36 se
1679 823 98 36 suivent
1812 823 16 37 et
1863 823 16 37 se
1921 823 187 38 ressemblent,
2140 823 72 38 mais,
2245 823 16 39 si
2295 823 38 39 lon

1278 853 84 46 ecoute
1403 854 57 43 avec
1497 854 19 41 un
1560 854 38 40 peu
1639 854 163 40 dattention,
1833 855 10 39 il
1874 855 100 41 devient
2012 856 113 42 evident,
2157 856 18 43 de
2216 857 79 43 temps
2335 857 10 44 a

1277 894 79 36 autre,
1389 894 37 37 que
1471 894 134 38 jaillissent
1642 894 123 38 quelques
1807 894 87 39 eclairs
1936 894 20 39 de
2001 894 36 40 son
2085 894 65 40 genie
2194 894 37 40 que
2276 894 59 41 nous

1279 928 73 46 avons
1392 928 111 46 souvent
1540 928 43 44 trop
1627 928 123 43 tendance
1794 928 7 38 a
1837 928 114 48 releguer
1991 928 57 45 dans
2088 928 10 38 le
2142 928 114 40 domaine
2299 928 37 41 des

1274 963 150 43 souvenirs.
1459 963 73 43 Meme
1576 963 18 42 en
1638 963 56 42 deca
1735 963 21 42 de
1797 963 35 42 ses
1876 963 173 42 possibilites,
2085 963 94 41 Garner
2217 963 114 41 demeure

1277 1011 19 23 un
1331 1011 103 24 planiste
1469 1011 212 25 epoustourlant.
1709 1011 22 25 Sa
1767 1011 110 25 musique
1912 1011 19 25 ne
1970 1011 79 26 vieillit
2079 1011 37 26 pas
2152 1011 16 26 et
2200 1011 8 27 je
2245 1011 90 27 prends

1273 1036 93 36 comme
1404 1036 112 37 symbole
1556 1036 18 37 de
1612 1036 59 37 cette
1711 1036 117 38 jeunesse
1865 1036 11 38 la
1913 1036 123 38 presence
2079 1036 19 38 de
2135 1036 136 39 musiciens
2311 1036 19 39 de

1277 1068 55 37 stvle
1372 1068 43 37 tres
1459 1069 129 38 differents
1631 1069 75 39 (cest
1743 1070 9 39 le
1795 1070 72 40 moins
1910 1070 37 40 que
1993 1071 38 40 lon
2074 1071 83 41 puisse
2200 1071 61 42 dire)
2295 1072 40 42 tels

1272 1107 39 37 que
1347 1107 30 38 Joe
1419 1107 82 39 Turner
1531 1107 21 39 et
1582 1107 66 39 Frank
1687 1107 90 40 Wright
1808 1107 36 41 qui
1874 1107 18 41 ne
1928 1107 135 42 cachaient
2096 1107 36 43 pas
2168 1107 49 43 leur
2247 1107 96 44 plaisir.

1275 1139 24 37 Sa
1335 1139 102 38 maitrise
1476 1139 18 39 du
1533 1139 105 39 clavier,
1665 1139 36 40 son
1737 1139 181 41 imagination,
1945 1139 36 42 son
2020 1139 117 43 humour,
2164 1139 18 43 sa
2221 1139 111 44 richesse

1276 1176 183 46 harmonique,
1494 1176 37 44 ses
1575 1176 187 42 introductions
1807 1176 146 47 magiques,
1994 1176 34 42 son
2076 1176 54 44 sens
2178 1176 20 45 du
2246 1176 88 48 rythme

1272 1214 19 37 et
1326 1214 19 38 du
1385 1214 91 39 swing,
1505 1214 19 39 sa
1564 1214 148 41 sensibilite
1743 1214 19 41 et
1797 1214 97 42 surtout
1925 1215 13 42 le
1979 1215 103 43 pouvoir
2117 1215 19 43 de
2180 1215 150 45 domination

1277 1253 57 35 quil
1367 1253 85 36 exerce
1497 1252 36 37 sur
1572 1252 9 37 la
1626 1252 108 38 musique
1779 1252 109 39 forment
1927 1252 18 39 un
1990 1251 129 41 ensemble
2167 1251 19 41 de
2231 1251 105 42 qualites

1273 1288 132 37 tellement
1439 1288 185 38 exceptionnel
1658 1288 39 38 que
1739 1288 9 38 je
1790 1288 28 39 me
1860 1288 124 39 demande
2026 1288 109 40 souvent
2172 1288 17 40 si
2222 1288 17 41 ce
2284 1288 56 41 petit

1275 1318 92 43 homme
1406 1318 65 43 nest
1501 1318 36 43 pas
1573 1318 49 43 tout
1655 1317 163 44 simplement
1851 1317 6 44 le
1897 1317 45 44 plus
1982 1317 68 44 grand
2090 1317 19 44 de
2145 1317 69 44 tous.
2243 1317 95 44 Malgre

1274 1356 10 35 la
1322 1356 96 36 surdite
1450 1356 19 36 de
1506 1356 37 36 ses
1581 1356 157 37 detracteurs
1776 1356 18 37 et
1824 1356 8 37 le
1872 1356 128 38 snobisme
2040 1356 67 38 dune
2144 1356 78 39 bonne
2262 1356 69 39 partie

1276 1389 17 39 de
1327 1389 37 40 son
1395 1389 95 41 public,
1511 1389 153 43 souhaitons
1694 1389 38 44 que
1766 1389 92 45 Garner
1885 1389 82 46 vienne
2001 1389 54 47 nous
2089 1389 123 49 envouter
2239 1389 92 50 chaque

1275 1430 73 43 annee
1386 1430 112 43 pendant
1524 1430 162 43 longtemps.

2141 1456 94 51 Michel
2265 1459 76 49 Savy.

1275 1576 142 55 FRANCK
1473 1576 149 55 WRIGHT
1663 1576 0 54 A
1712 1576 26 54 LA
1790 1576 150 54 MAISON
1992 1577 30 53 DE
2063 1577 23 53 LA
2138 1577 191 52 MEDECINE

1275 1673 37 43 Les
1346 1673 58 44 deux
1438 1674 108 43 groupes
1580 1675 18 43 de
1635 1675 135 43 free-jazz,
1795 1676 37 43 new
1878 1676 77 43 thing,
1982 1677 65 43 biack
2084 1678 107 42 music...
2219 1678 114 43 (appelez

1273 1716 46 44 cela
1355 1715 92 45 comme
1483 1715 55 45 vous
1574 1714 125 46 voudrez)
1728 1714 30 46 les
1794 1714 49 46 plus
1879 1713 75 46 prises
1994 1713 36 46 des
2069 1713 124 46 amateurs
2229 1712 20 47 de
2288 1712 43 47 jazz

1273 1750 15 40 et
1320 1750 37 41 des
1395 1750 135 42 musiciens
1565 1751 210 42 professionnels
1813 1752 106 42 francais
1954 1752 66 42 sont,
2048 1752 57 43 sans
2139 1752 75 43 aucun
2252 1753 87 43 doute,

1276 1783 149 39 lA.A.C.M.
1458 1783 17 39 ou
1520 1783 34 39 Art
1587 1784 132 39 Ensemble
1761 1784 20 39 of
1814 1784 110 40 Chicago
1966 1784 95 41 (Lester
2100 1785 93 40 Bowie,
2226 1785 112 41 Malachi

1274 1824 105 38 Favors,
1410 1824 98 39 Roscoe
1548 1824 123 40 Mitchell,
1702 1824 86 41 Joseph
1828 1824 107 42 Jarman)
1972 1824 19 42 et
2024 1824 10 43 le
2073 1824 96 44 quintet
2203 1824 18 44 de
2264 1824 68 45 Frank

1273 1858 101 41 Wright.
1399 1858 14 41 le
1450 1858 28 41 dis
1511 1858 48 41 bien
1596 1858 92 41 quintet
1719 1858 36 41 car
1786 1858 67 41 Frank
1890 1858 92 41 Wright
2013 1858 0 41 a
2050 1858 101 41 engage
2181 1858 17 41 un
2235 1858 101 41 contre

1272 1893 109 41 bassiste
1416 1893 0 41 :
1439 1893 147 42 lexcellent
1613 1893 41 42 Bob
1692 1893 85 42 Riese.
1804 1893 65 42 Frank
1904 1893 120 42 lui-meme
2060 1893 35 43 est
2121 1893 109 43 toujours
2266 1893 70 43 aussi

1273 1924 141 43 dechaine,
1439 1925 122 44 possede
1590 1926 19 43 au
1648 1927 166 44 saxo-tenor.
1843 1928 61 43 Noah
1943 1928 102 45 Howard
2084 1929 48 44 joue
2170 1930 167 45 maintenant.

1271 1968 16 39 et
1319 1968 110 39 toujours
1464 1968 72 39 aussi
1562 1968 67 39 bien,
1656 1968 40 39 non
1733 1968 147 39 seulement
1909 1968 19 39 de
1968 1968 75 39 lalto,
2072 1968 54 39 mais
2163 1968 19 39 de
2222 1968 8 39 la
2267 1968 70 39 clari

1270 1996 79 45 nette.
1376 1996 82 46 Bobby
1492 1996 37 46 Few
1573 1996 45 47 est,
1645 1996 54 47 avec
1737 1996 72 48 Cecil
1839 1996 92 48 Taylor,
1958 1996 99 49 Stanley
2095 1996 98 49 Cowell
2217 1996 21 50 et
2265 1996 61 50 Dave

1272 2041 93 36 Burrell
1396 2041 16 36 un
1455 2041 36 36 des
1528 2041 42 37 tres
1609 2041 87 37 grands
1735 2041 121 38 pianistes
1895 2041 20 39 du
1952 2041 123 40 moment.
2103 2041 20 40 La
2165 2041 163 41 controverse

1274 2073 37 39 qui
1335 2072 96 41 oppose
1465 2072 27 41 les
1523 2071 51 42 fans
1608 2071 17 43 de
1659 2070 161 45 Mohammed
1857 2069 31 46 Ali
1912 2069 136 47 (drummer
2076 2068 20 48 de
2134 2068 65 48 Frank
2236 2067 103 50 Wright)

1275 2106 7 41 a
1312 2106 54 41 ceux
1406 2107 17 41 de
1466 2107 104 41 Rashied
1610 2107 33 41 Ali
1670 2108 67 41 (frere
1777 2108 20 41 de
1837 2108 181 42 Mohammed)
2051 2109 64 41 nest
2145 2109 36 41 pas
2222 2110 53 41 pres
2312 2110 20 41 de

1274 2146 153 42 seteindre.
1451 2145 92 43 Disons
1577 2144 38 44 que
1653 2143 27 45 les
1714 2143 58 45 deux
1806 2142 75 46 freres
1915 2141 17 47 se
1970 2140 99 48 placent
2100 2140 17 48 au
2154 2139 48 49 tout
2233 2138 102 50 premier

1274 2183 48 39 rang
1364 2182 77 40 parmi
1470 2182 26 41 les
1534 2181 164 42 specialistes
1737 2180 135 43 modernes
1910 2180 20 44 de
1968 2180 10 44 la
2016 2179 100 45 batterie

1276 2227 24 37 Ce
1340 2227 115 38 quintette
1498 2228 0 37 a
1538 2228 83 38 donne
1656 2228 18 38 un
1714 2229 105 38 concert
1851 2229 176 39 passionnant
2062 2230 19 39 de
2121 2230 56 39 bout
2212 2231 18 38 en
2273 2231 56 39 bout

1276 2257 53 45 Tous
1360 2258 29 44 les
1420 2258 72 45 futurs
1523 2259 129 44 medecins
1683 2261 38 42 qui
1746 2261 182 43 emplissaient
1953 2263 10 41 la
1997 2263 66 41 petite
2097 2264 57 40 salle
2185 2265 19 40 de
2239 2265 87 40 theatre

1271 2303 18 38 de
1328 2303 8 38 la
1375 2303 94 38 Maison
1508 2303 19 38 de
1566 2303 7 38 la
1613 2303 130 38 medecine
1782 2303 18 38 ne
1839 2303 55 38 sont
1925 2303 37 38 pas
2001 2303 50 38 pres
2090 2303 122 38 doublier
2244 2303 10 38 la
2293 2303 44 38 tor

1274 2339 53 35 nade
1375 2339 138 36 dechainee
1560 2339 37 37 par
1636 2339 87 38 Frank,
1760 2339 81 38 Noah,
1878 2339 101 39 Bobby,
2012 2339 42 39 Bob
2102 2339 20 40 et
2161 2339 176 41 Mohammed.

1276 2373 72 44 Apres
1389 2373 19 42 ce
1449 2374 116 41 concert,
1596 2374 10 39 le
1650 2374 116 38 quintette
1807 2375 0 39 a
1848 2375 53 46 joue
1939 2375 16 46 au
2040 2375 62 46 Chat
2137 2375 35 46 qui
2206 2376 76 45 peche

1274 2412 55 36 dont
1361 2412 8 36 le
1410 2412 97 37 patron,
1536 2412 127 38 Edmond,
1691 2412 0 38 a
1729 2412 166 40 decidement
1927 2412 9 40 le
1976 2412 37 41 nez
2051 2412 82 42 creux,

2052 2454 89 47 Patrick
2173 2455 140 50 Callagham

1274 2576 55 49 JOE
1384 2575 134 51 TURNER
1574 2574 31 52 AU
1664 2573 134 54 CENTRE
1850 2571 181 57 CULTUREL

1273 2685 18 41 Le
1328 2685 18 41 23
1387 2685 70 41 avril,
1486 2685 19 41 au
1541 2685 89 41 Centre
1670 2685 107 41 culturel
1806 2685 151 41 americain,
1987 2674 7 52 le
2035 2675 103 51 pianiste
2178 2679 29 47 Joe
2252 2681 81 45 Turner

1273 2721 0 37 a
1311 2721 84 37 donne
1425 2721 18 37 un
1481 2721 89 37 recital
1598 2721 18 36 au
1654 2721 71 36 cours
1760 2721 97 36 duquel
1885 2721 10 36 il
1926 2721 0 36 a
1964 2721 101 36 evoque
2096 2721 28 35 les
2164 2721 87 35 grands
2289 2721 45 35 pia

1270 2754 75 39 nistes
1382 2753 37 41 des
1457 2753 92 42 annees
1586 2752 72 43 trente
1695 2752 0 43 :
1726 2752 48 44 Fats
1811 2751 102 46 Waller,
1940 2750 75 47 James
2056 2750 21 48 P.
2104 2749 122 49 Johnson,
2257 2749 68 50 Wilt

1307 2790 30 39 the
1374 2790 48 39 Lion
1494 2790 88 39 Smith,
1612 2790 50 38 Earl
1689 2790 88 38 Hines,
1804 2790 48 38 etc.
1881 2790 141 38 Chanteur,
2049 2790 11 38 il
2087 2790 61 37 sest
2180 2790 27 37 plu
2244 2790 11 37 a
2281 2790 32 37 ran

1271 2829 65 35 peler
1376 2829 55 36 quil
1465 2829 28 36 fut
1530 2828 18 38 un
1591 2828 77 38 temps
1711 2828 261 40 laccompagnateur
2012 2828 19 40 de
2074 2827 67 42 Louis
2184 2827 142 43 Armstron

1272 2863 15 44 et
1316 2863 7 48 le
1355 2863 112 49 pasticha
1503 2863 18 49 de
1554 2863 68 51 facon
1655 2863 43 50 fort
1727 2863 119 53 plaisante
1878 2864 37 49 sur
1947 2864 61 50 Hello
2041 2864 83 49 Dolly,
2149 2864 90 47 comme
2272 2864 10 44 il
2308 2864 14 43 se

1270 2902 78 42 doit...

2138 2925 90 60 Gerard
2260 2925 45 58 No
