2550 4200
100 86 714 54 ment rageur de saxophone) et par des cli¬

100 119 523 63 quetis façon musique concrète.

102 165 708 63 C’est beau comme une !B M électrique. Et

100 205 707 56 c’est libre, libre comme un point sur du

98 245 604 63 papier millimétré semi-logarithmique.

672 275 107 65 LE..

415 357 392 102 hal singer

95 429 292 79 BLUE STOMPIN

102 490 444 63 Blue stompin' • Wendy •

102 536 449 52 With a song in my heart •

100 564 700 59 Midnight « Fancy Pants « The blast oft e

102 606 680 61 PRESTIGE CPRX 240.583 (30 cm - 19,95 F

693 641 110 56 ****

93 676 707 63 Charlie Shavers (tp); Hal Singer (ts);

130 725 673 52 Ray Bryant (p) ; Wendell Marshall (b);

128 756 425 58 Osie Johnson (dm). 1959.

95 814 705 65 J'at toujours eu un faible pour ce disque,

93 854 710 63 non parce qu’il représente la chance qui fut

98 898 702 54 offerte à Singer d’échapper aux séances

98 935 707 54 r'n'r perce-oreilles auxquelles il fut voué

98 968 707 51 pendant dix ans, mais parce que la mu¬

98 1003 705 49 sique respire une aisance, une joie de

102 1038 698 61 jouer qui ne sont pas communes en studio.

98 1073 702 58 Maintenant que Hal Singer vit à Paris

98 1113 705 56 depuis plusieurs années, on a pu se rendre

93 1148 707 56 compte que c’était là son - mood » très

93 1183 712 53 naturel, et que ce disque reflétait bien ses

93 1225 210 51 conceptions.

95 1260 708 60 Le blues prédomine, Il n’y en a pas moins

98 1304 707 54 de quatre sur six titres ! Singer y défend

98 1334 705 54 sa réputation de chauffeur, mais montre

98 1372 702 58 dans - Wendy » (qui ne laisse pas de

95 1407 708 56 ressembler à - As long as I live » blen

93 1444 710 58 qu’étant crédité à Shavers) et dans - With

95 1479 705 54 a song in my heart “ qu’il ne joue pas

93 1516 710 54 moins bien les ballades. Une seule restric¬

93 1549 707 54 tion : sa sonorité est rendue de façon

93 1586 707 59 acceptable, certes, mais elle n’a pas toute

95 1626 582 54 la chaleur qui est sienne en direct.

95 1668 705 61 Shavers et Ray Bryant, parfaitement bien

93 1701 705 58 enregistrés, eux, sont aussi bons qu’à l’ac¬

95 1740 698 56 coutumée et j’aime beaucoup le drumming

95 1773 703 61 du regretté Osie Johnson. Un disque sans

95 1815 341 56 défaut, sans déchet.

672 1850 103 72 B. N.

352 1948 451 84 willie smith

420 2025 385 77 don ewell

93 2076 275 77 GRAND PIANO

98 2139 392 63 I found a new baby"

98 2170 698 67 A poters love song e Anything for you "

95 2214 701 61 Some of these days " lust you just me "

95 2249 430 56 Everybody loves my baby

98 2289 364 53 Can't we be friends"

102 2324 495 53 Vou took advantage on mee

98 2359 509 56 Keepin'out of mieschief now e

98 2401 397 51 Sweet Georgla Brown

93 2429 700 63 BLACK AND BLUE 33.013 (30 em -26,90 F.

681 2471 115 56 **X12

93 2503 710 66 Willie Smith - The Lion » et Don Ewell (p).

128 2550 418 63 Toronto, 20 février 1967.

91 2599 716 68 Pour situer le disque, je précise qu’il s’agit

100 2650 703 56 du recueil sorti au Canada sous l’étiquette

95 2681 708 67 Exclusive, et en Grande-Bretagne par

98 2718 123 58 77 Rec¬

128 2755 677 63 Les exemples sont rares, dans l’histoire

95 2797 705 61 du jazz, de disques à deux planos, et cette

98 2832 705 63 séance du Lion est, à coup sôr, le plus

98 2874 705 59 réussl. Une fois de plus, ce diable d’homme

100 2909 703 56 a tenu la gageure de faire sortir du cadre

95 2944 705 70 très limité qui est d’ordinaire le sien son

873 93 712 51 partenaire, l’honnête pianiste Don Ewell.

875 128 705 51 Seulement, il ne pouvait être question que

878 161 705 53 celui-ci participe au » mood » tellement

880 200 700 56 particulier de la musique léonine ; alors, il

878 235 702 52 n’est, ou presque, question que de

885 270 695 54 - stride », spéclalité dans laquelle excel¬

875 305 703 59 lent, au demeurant, les deux pianistes. La

875 340 705 56 qualité première du disque ? Son dyna¬

878 378 707 58 misme, sa vie, conséquence de l’émulation

875 413 705 53 qui nait entre les deux interprètes ; et ce

880 452 700 52 n’est jamais au détriment de la qualité pu¬

878 487 705 59 rement musicale : je raffole précisément de

878 525 700 58 - Keepin’out of mieschef now = et de

875 560 705 51 « Sweet Georgia Brown » pour leur extrême

878 597 700 54 musicalité, qui met bien en valeur les mé¬

875 632 698 58 lodies. Y a-t-il des défauts ? Un seul, et

878 667 702 54 de peu d’importance : quand Don Ewell

875 702 705 58 prend la première partie au début d’un

875 739 703 56 morceau, ce n’est pas toujours - ça ", on

875 770 703 60 a l’impression que cela flotte ; ou du moins.

875 809 703 61 la rentrée magistrale du Lion qui va suivre

875 851 705 52 donnera cette impression. Lorsque Don

875 882 703 56 Ewell prend le - lead » vers la fin d’une

873 917 654 53 interprétation, cela va beaucoup mieux.

878 959 702 58 Ce pressage Black and Blue est extrême¬

878 1001 457 56 ment supérieur à l’original.

1457 1033 95 73 B. N.

1127 1157 208 82 radio

871 1260 702 65 Modifications des programmes de la BBC,

880 1299 698 54 aimablement communiquées par Brian

878 1334 198 61 PRIESTLEY.

868 1386 715 63 Mardi 17 h. 45-18 h.20. B.B.C. Il (464 m) :

906 1439 469 54 Jazz today, par Charles Fox.

873 1474 712 63 Mercredi 20 h. 15-22 h. BBC I (247 m) :

901 1516 364 56 Jazz club (en direct).

873 1549 710 61 Vendredi 0 h. 05 -0 h. 35. B.B.C. I et Il

901 1593 630 52 (247 m et 1500 m) : Jazz at Night.

875 1633 708 61 Samedi 12 h.-13 h. 30. B.B.C. Il (464 m):

906 1675 322 58 disques demandés.

873 1710 710 65 Dimanche 20 h.-22 h. B.B.C. I (247 m) :

906 1759 607 58 Jazz scene par Humphrey Lyttelton.

906 1859 642 80 DETAIL DES PROGRAMMES O.R.T.F.

1069 1953 318 60 I FRANCE INTER

873 2020 707 59 Dimanche 23.03-23 : Jazz sur scène, par

1034 2055 544 56 A. Francis. Les concerts diffusés

1032 2095 525 56 en exclusivité par France-Inter.

871 2139 709 61 Le 7/4 Les guitaristes Jean-Pierre Sas¬

1039 2186 537 54 son, Babik Reinhardt, Jimmy

1032 2221 548 58 Gourley, Robert Graham et Pierre

1032 2256 121 54 Cullaz.

868 2293 712 73 Le 14/4 Le 3e Riverboat Parade : L'or¬

1034 2354 544 51 chestre de Claude Luter. Les

1029 2382 547 51 Haricots Rouges. Le clarinettiste

1034 2417 542 63 Albert Nicholas et les Jazz O'

1034 2457 154 58 Maniacs.

871 2503 709 63 Le 21/4 Les guitaristes Barney Kessel,

1036 2550 540 51 Jim Hall, George Benson et le

1034 2583 546 56 quartette de Gary Burton avec

1032 2620 243 61 Larry Corryel.

878 2664 702 63 Le 28/4 Le trio de quartette et le quin¬

1032 2716 541 49 tette de Michel Roques et le

1034 2746 546 54 grand orchestre de Jean Claude

1034 2786 124 51 Naude.

873 2832 707 63 Le 27/4 à 21 h. : Emission exceptionnelle

1043 2879 535 54 sur France Inter, en direct de

1034 2909 549 59 Stockholm : Finale du Jazz Quizz

1036 2947 217 63 international.

1655 102 708 54 Le 5/5 Le Modern Jazz Quartet à la

1816 133 348 60 Maison de l’O.R.T.F.

1650 268 713 70 Mardi 23.00-24.00 : Les Classiques du Jazz,

1819 207 380 73 II FRANCE-MUSIQUE

1653 357 707 65 Le 2/4 L’œuvre de John Coltrane (7e).

1763 322 488 56 par A. Francis et L. Maison.

1653 406 710 53 Le 9/4 Les maîtres du middle jazz : Stuff

1655 478 708 63 Le 16/4 Les maîtres du middle jazz : Roy

1814 443 103 56 Smith.

1653 555 710 68 Le 23/4 Le nouveau jazz : Roland Kirk.

1812 522 147 59 Eldridge.

1655 606 589 59 Le 30/4 Les nouveautés du mois.

1655 658 705 53 Samedi 18.50-19.15 : un samedi sur deux,

1660 728 698 58 Le 13/4 Saxophone work shop, avec G.

1812 693 530 53 Jazz vivant, par André Francis.

1809 767 551 61 Badini, G. Lafitte, M. Roques et

1650 840 713 65 Le 27/4 Henri Texier avec Michel Portal

1812 809 210 56 D. Chanson.

1650 926 710 61 Dimanche 19.37-20.30 : Rendez-vous avec

1814 889 261 56 et Enrico Rava.

1816 961 542 56 le Jazz en Stéréophonie, par An¬

1653 1033 710 66 Le 7/4 Louis Armstrong, Bob Crosby,

1814 1003 205 49 dré Francis.

1650 1120 708 63 Le 14/4 Le quintette d'Albert Ayler au

1812 1082 499 54 Earl Hines et Bobby Hackett.

1814 1159 546 52 3e Paris Jazz Festival et les nou¬

1653 1234 705 58 Le 21/4 Les orchestres de Woody Her¬

1814 1199 311 51 veautés du disque.

1814 1281 544 56 mann, Bob Brookmeyer, Barney

1650 1353 710 61 Le 28/4 Le quartette de Cecil Taylor à la

1816 1311 435 58 Kessel et Gerry Mulligan.

1812 1393 546 49 maison de l’O.R.T.F. et les nou¬

1650 1465 708 56 Le 5/5 Les orchestres de John Coltrane

1812 1430 322 51 veautés du disque.

1816 1507 542 58 et de Larry Young et les nou¬

1809 1547 320 51 veautés du disque.

1650 1677 710 75 Samedi 23.15-23.58 : Connaître le Jazz, par

1812 1614 390 73 III FRANCE CULTURE

1809 1731 257 54 Lucien Malson.

1893 1817 220 52 CONCERTS

1646 1862 712 72 Le 4/4 Henri Texier avec Michel Portal

1812 1918 546 58 et Enrico Rava, Jean Frenay et

1643 1985 542 63 Le 25/4 Piano Workshop n° 2.

1812 1950 303 56 François Tusques.

1847 2100 329 79 cabarets

1664 2209 699 63 • BLUE NOTE : vendredi, samedi : Michel

1653 2251 201 61 Roques trio.

1657 2291 650 63 • CAMELEON : George Arvanitas trio.

1655 2345 696 60 • CAVEAU DE LA HUCHETTE : lundi : P.

1650 2389 703 51 Dieuzy; mardi : R. Fonsèque; mercredi:

1653 2422 703 56 les Pieds de Poule; jeudi : Irakli ; ven¬

1653 2461 705 52 dredi : les Strapontins; samedi : Reverend

1653 2492 705 51 Sharkey Congregation; dimanche : Jazz

1650 2524 206 56 O' Maniacs.

1657 2571 703 58 • CHAT QUI PECHE : Nathan Davis. Mati¬

1653 2615 453 52 née dansante le dimanche.

1660 2650 703 61 • GILL'S CLUE : mercredi, jeudi : Michel

1650 2692 204 56 Roques trio.

1657 2741 706 63 • LVING ROOM : Aaron Bridgers, Art

1653 2779 231 60 Simmons trio.

1655 2823 680 65 • RIVERBOAT : Orchestre New Orleans.

1655 2872 703 58 • TROIS MAILLETZ : du 1er au 15 : Mem¬

1655 2909 701 61 phis Slim et Guy Lafitte; du 15 au 30 :

1650 2954 598 58 Brother John Sellers et Guy Lafitte.

93 3038 668 203 N.I.M. - LOGIER & Cie, 4, place J.-B.-Clément, Paris

1218 3038 1133 200 Dépôt Légal no 27 - Editions JAZZ HOT - Le Directeur de la publication : Robert BAUDELET
