2480 3508
126 81 306 164 RADIO

97 282 657 53 .7.00-7.15 ANDORRE (428 m) : Les Grands

335 241 173 55 DIMANCHE

97 354 657 43 .19.00-21.30 BBC I (247 m) : Du Bop au

304 321 105 47 du Jazz

95 415 653 52 °19.35-20.30 O.R.T.F. France-Musique: Ren¬

300 385 56 45 Jazz

294 448 452 45 dez-vous avec le Jazz, par

97 500 653 51 .22.30-23.00 SUISSE, programme F.M. : As¬

298 475 160 49 A. Francis.

95 567 657 44 °22.30-24.00 LUXEMBOURG (1 293 m) : Soi¬

300 539 203 47 pects du lazz.

101 633 544 41 "22.40-23.10 ITALIE II (355 m) : Jazz.

302 602 119 45 rée lazz.

101 658 649 66 " 24.00-085 EUROPE No 1 (1 647 m) : Jazz.

294 693 246 45 par Frank Ténot.

95 744 655 78 . 1308 1330 OA.LE. France-Musique: Visa

368 723 107 58 LUNDI

97 836 651 44 13.15-13.37 GRENOBLE I (222 m ): Horizons

300 806 450 47 ges du Jazz, par Lucien Malson.

97 900 651 45 0 15.45-16.00 HILVERSUM Il (298 m) : Musi¬

302 871 358 43 du Jazz, par Bob Martin.

95 962 657 47 "22.20-23.00 HAMBOURG-COLOGNE (309 m) :

302 929 173 47 que de Jazz

97 1013 651 51 .22.30-23.00 SUISSE, programme F.M. : Ac¬

298 991 245 45 L'heure au Swing

105 1079 622 53 2255-23.55 HILVERSUM II (298 m) : Jazz.

302 1054 226 43 tualités du Jazz.

105 1112 643 55 ° 23.00-23.45 O.R.T.F. Inter-Variétés (514 et

298 1147 452 45 280 m) : Jazz en liberté, par

101 1206 651 49 .23.45-24.00 O.R.T.F. Inter-Variétés (514 et

302 1177 179 44 Sim Copans.

304 1239 444 49 280 m) : Jazz Panorama, par

300 1272 181 51 H. Panassié.

103 1356 651 47 °13.05-13.30 O.R.L.F. France-Musique : Vient

370 1309 109 49 MARDI

103 1410 649 49 . 14.40-15.00 HILVERSUM Il (298 m) : lazz

302 1389 411 39 de paraître, par J.L. Ginibre.

101 1471 655 58 ° 17.15-1800 RTB Flamand (324 m) : Original

300 1449 99 41 ancien.

300 1508 60 45 Jazz

101 1535 653 51 17.25-18.00 HILVERSUM II (298 m) : Musi¬

304 1572 173 43 que de Jazz.

111 1603 540 45 017.45-19.30 BBC III (464 m) : Jazz.

109 1637 645 50 °19.25-20.00 LIMOGES I (379 m) : La lé¬

304 1664 452 41 gende du Jazz, par I.M. Masse.

103 1685 651 63 22 30-23.00 SUISSE, programme F.M. : Les

306 1724 185 45 jeux du Jazz.

107 1752 649 48 22.30-23.00 MUNICH (375 m) : Jazz-journal.

111 1783 553 47 22.40-23.10 ITALIE II (355 m) : Jazz¬

111 1816 614 45 23.30-23.55 HILVERSUM 1 (402 m) : Jazz.

345 1855 163 49 MERCREDI

111 1872 649 69 . 13.05-13.30 ORT.F. France-Musique: Allo,

304 1921 452 45 New Orleans, par Ph. Kœchlin.

103 1948 653 49 .16.00-16.30 RTB Flamand (324 m) : Jazz pour

308 1985 156 43 les jeunes.

105 2001 421 60 . 16.00-16.18 MONTE-CARLO.

304 2026 450 63 ITALO-FRANÇAIS (20s m) . Jazz¬

105 2073 649 62 . 19.40-19 50 MONTPELLIER 1 (214 m) : Jazz

310 2106 212 47 Club de Nimes

105 2135 651 47 20.00-20.30 RTB (EM) : New, par B. Quer¬

105 2180 649 82 · 2.15-2200 BBC I CAT m) : Le Jazz Clup¬

910 81 657 55 .21.00-21.30 BADEN BADEN Programme FM :

912 134 550 53 .21.10-22.00 ITALIE II (355 m) : Jazz.

1111 116 242 41 l’A.B.C. du lazz.

910 167 653 51 21.15-22.00 HAMBOURG COLOGNE (308 m) :

910 233 651 49 22.30-23.00 FRANCFORT (506 m) : Le Club

1113 206 54 45 Jazz

910 282 651 80 . 3.152400 BADENN BADEN Programme FM.

1111 266 115 45 du Jazz.

914 350 643 55 .23.20-23.35 HILVERSUM 11 (298 m) : Jazz¬

1109 329 132 45 Jazz 1968

916 389 641 49 00.15- 1.00 HAMBOURG COLOGNÉ (309 m) :

914 448 645 60 °0.30- 1.00 SARREBRUCK I (211 m) : Jazz

1113 422 58 45 Jazz.

1111 485 74 56 Club.

910 567 651 50 13.05-13.30 O.R.T.F. : Jazz Informations, par

1185 524 95 50 JEUDI

910 617 651 61 20.10-21.40 ITALIE II (355 m) : Années

1111 600 181 43 I.R. Masson.

910 684 651 48 .2225-23.25 BEROMUNSTER (S67 m) : Jazz

1111 660 193 45 folles du Jazz.

910 746 651 51 22 30-23.00 SUISSE, Programme FM : Eu¬

1113 721 115 46 Festival.

914 816 643 43 22.30-23.00 RTB Flamand (324 m) : Jazz Ma¬

1111 785 136 43 rope Jazz

918 878 528 43 22.40-23.00 MUNICH (375 m) : Jazz.

1115 847 91 45 gazine.

914 906 649 45 23.00-24.00 O.R.T.F. : Les Classiques du

912 966 645 51 23.10-24.00 DEUTSCHLANDFUNK (1986 m);

1113 939 286 45 Jazz, par A. Francis.

1111 1001 218 49 Studio de lazz.

912 1067 651 65 ° 13.05-13.30 O.R.LF. : Le nouveau jazz, par

1156 1034 158 49 VENDREDI

912 1130 651 56 16.10-16.30 RTB Flamand (324 m) : Swing

1113 1101 191 48 Henri Hubert.

918 1188 635 51 • 1910-19.30 HILVERSUM II (298 m) : Jazz.

1113 1165 142 45 Tea Time.

916 1227 647 53 22.00-23.00 LIMOGES I (379 m) : Swing

918 1278 620 55 .22.00-22.30 HILVERSUM I (Ao2 m) : Jazz.

1109 1258 173 45 Discothèque

914 1315 647 51 22.40-23.45 BADEN BADEN Programme FM :

914 1379 649 45 .22.49-23.00 NICE I (193 m) : Jazz Club, par

1115 1354 60 43 Jazz.

914 1442 649 50 22.45-23.00 MARSEILLE ! (445 m) : Fenêtre

1117 1409 143 55 Maurice

916 1498 507 51 0.05- 035 BBC ! (247 m) : Jazz.

1115 1477 156 43 sur le Jazz

914 1568 651 78 . 1448-1500 HILVERSUM II (298 m) : Jazz

1177 1539 125 57 SAMEDI

918 1639 649 54 15.00-15.30 RTB EM : Jazz en chaud er

1121 1621 62 45 Club

918 1711 645 46 17.05-1730 SOTTENS (392 m) : Swing Sé¬

1117 1683 68 45 froid.

916 1775 647 47 17.30-18.00 RTB Flamand (324 m) : Jazz Dis¬

1115 1746 417 45 rénade, par Raymond Colbert.

916 1822 649 70 . 19.18-19.40 O.R.T.F. : En direct de la salle

1117 1804 128 49 cothèque.

918 1890 645 51 .19.30-1945 MONTPELLIER 1 (214 m) : Pa¬

1117 1867 329 44 105, par André Francis.

916 1958 651 45 19.40-20.00 O.R.T.F. France-Musique : Jazz

1117 1929 224 45 norama du Jazz

918 2024 647 55 .22.40-23.10 ITALIE Il (355 m) : Rencontre

1119 1993 446 45 s’il vous plaît, par A. Clergeat.

920 2071 503 61 .2300-24.00 RTB I (483 m) : Jazz¬

1121 2058 183 40 avec le Jazz.

920 2108 649 47 .23.00-24.00 O.R.L.F. (1829 m) : Jazz sur

918 2171 649 50 23.15-24.00 O.R.I.F. (348 m) : Connaître le

1117 2143 319 47 Scene, par A. Francis.

1115 2210 292 48 Jazz, par L. Malson.

1772 85 544 59 DETAIL DES PROGRAMMES O.R.T.F.

1717 130 659 47 FRANCE CULTURE : le samedi de 23 h 15 à

1721 167 82 45 24 h

1719 202 558 47 Connaître le Jazz, par Lucien Malson:

1725 239 604 45 — Le 1er : Gérard Conte : Georges Lewis.

1721 265 653 56 — Le 8 : Patrice Blanc Francard : Roswell

1721 298 80 48 Rudd.

1725 323 651 51 — Le 15 : Yves Buin-François Tusques : Ten¬

1719 360 330 43 dances contemporaines.

1713 365 661 108 — Le 22 : Michel Le Bris-André Hodeir : Le

1719 420 94 47 Swing.

1719 457 659 49 FRANCE-INTER : le samedi de 23 h 03 à

1719 495 107 46 23 h 59

1719 526 659 48 Jazz sur scène, les concerts de France-Inter,

1721 565 220 48 par A. Francis

1731 576 641 63 – Le 1er : Les saxophonistes Hal Singer,

1721 621 655 47 Frank Foster et Jimmy Heath. Le trompettiste

1723 656 172 45 Ted Curson

1721 682 655 46 — Le 8 : Les solistes des concerts de l’Union

1721 719 655 41 européenne de Radiodiffusion de Bruxelles

1719 746 655 47 (1967) et de Stockholm (1968). Hans Salomon

1721 779 653 41 Sax ténor Autriche, Bertil Lôvgren Trompette

1721 810 653 45 Suède. Heinz Bigler Sax alto Suisse. Fran¬

1721 843 655 41 cesco Santucci Trompette Italie. Karin Krogh

1723 871 655 43 Chant Norvege. Keith Christie Trombone An¬

1721 902 657 43 gleterre. Dino Priana Trombone Italie. Palle

1719 931 657 43 Mikkelberg Trompette Danemark. Albert Man¬

1721 964 655 51 gelsdort Trombone Allemagne et Martial Solal

1721 993 193 49 Piano France.

1729 1027 647 37 — Le 15 : Les vedettes de la nuit du lazz

1721 1054 655 47 1968 salle Wagram avec Memphis Slim, Ste¬

1721 1091 655 41 phane Grappelly, Georges Arvanitas, Roger

1719 1116 530 51 Guérin, Guy Lafitte, Joe Turner, etc.

1722 1134 655 61 — Le 22 : Le quartette du trombone Slide

1723 1184 655 41 Hampton à Carpentras et le grand orchestre

1721 1210 380 48 de Sonny Grey à Avignon.

1727 1241 651 41 — Le ter : Les pianistes Art Simons et lac¬

1721 1274 612 43 ques Diéval avec le Paris lazz Quartette.

1723 1311 655 55 FRANCE-MUSIQUE : le jeudi de 23 h à

1725 1350 70 41 24 h

1723 1370 655 76 Les classiques du Jazz, présentés par A. Fran¬

1725 1420 255 45 cis et L. Malson:

1735 1438 600 52 - Le 6 . Le Jazz en France, Barney Wilen.

1731 1479 593 45 — Le 13 : L’œuvre de Charlie Parker, 5e.

1731 1514 647 43 — Le 20 : Les maîtres du Jazz moderne, Fats

1727 1541 107 49 Navaro.

1729 1553 608 76 - Le 27 : Les nouveaux disques de Jazz.

1725 1615 657 49 FRANCE-MUSIQUE : le dimanche de 19 h 30

1731 1650 136 53 à 20 h 30

1723 1683 659 51 Rendez-vous avec le Jazz en stéréophonie, par

1729 1722 158 47 A. Francis

1729 1728 645 64 - Le 2 : La chanteuse Sarah Vaughan au 4

1725 1781 651 43 Paris Jazz Festival et les nouveautés du Jazz.

1731 1810 645 45 — Le 9 : Le grand orchestre de Duke Elling¬

1727 1847 439 43 ton et les nouveautés du Jazz.

1731 1872 651 43 — Le 16 : l’orchestre de Barney Wilen (- Le

1727 1906 655 50 destin tragique de Lorenzo Bandini ») et les

1727 1941 273 44 nouveautés du lazz.

1728 1946 655 74 — Le 2 mars : Les pianistes Martial Solal et

1725 1997 612 53 Hampton Hawes et les nouveautés du Jazz.

1727 2038 659 49 FRANCE-MUSIQUE : Le samedi de 19 h 15

1737 2075 138 47 à 19 h 40

1731 2102 653 57 — Les concerts de la salle 105 retransmis en

1731 2141 306 47 direct par A. Francis.

1733 2171 444 46 Le samedi de 19 h 40 à 20 h :

1733 2202 561 70 — Jazz s’il vous plait, par A. Clergeat.

109 2291 487 170 CABARETS

105 2471 655 52 BILBOQUET, 13, rue Saint-Benoit (6e). 222-51-09.

109 2508 649 48 (Consommation 20 F) tous les soirs de 22 h

102 2531 652 59 à 2 h. « Frick » Guin et les Swingers, le

109 2566 421 57 vendredi Vasseur et Paquinet.

111 2609 649 51 BLUE NOTE, 27, rue d’Artois (8e). BAL 18-92.

111 2642 647 43 (Consommation 18 E) vendredi et samedi de

113 2673 645 55 22 h à 4 h. Michel Terrioux Quartet. Les

111 2703 393 52 autres soirs : Discothèque.

109 2740 647 54 CAMELEON, 57, rue Saint-André-des-Arts (6e).

109 2775 649 46 DAN, 64-40 (Consommation 16 E) tous les

109 2808 520 51 soirs sauf dimanche de 22 h à 2 h

111 2841 651 55 CAVEAU DE LA HUCHETTE, 5, rue de la Hu¬

113 2884 641 49 chette (5e). DAN, 66-05. (Consommation 8 F.

111 2911 647 63 tous les soirs de 21 h 30 à 1 h 30. Orchestres

111 2944 386 67 Nouvelle-Orléans différents.

115 2999 64 93 80

918 2326 649 51 CAVEAU DE LA MONTAGNE, 18, rue Des¬

920 2364 641 44 cartes (5e). ODE. 82-39. (Consommation 10 F

918 2397 647 43 tous les jeudis, vendredis et samedis de 22 h

920 2422 647 53 à 2 h. Orchestres Nouvelle-Orléans différents.

920 2475 645 50 CHAT QUI PECHE, 4, rue de la Huchette (5e).

922 2512 645 46 DAN. 23-06. (Consommation 15 F) tous les

922 2543 643 39 soirs sauf mercredi; de 22 h à 3 h. Jus

920 2568 647 47 qu’au 5: Louu Bennettrio; du 5 au 28 : indé¬

920 2601 113 49 terminé.

920 2638 649 59 CIGALE, 124, bd Rochechouart (18e). MON.

920 2683 645 49 59-29. Tous les soirs sauf jeudi de 21 h 30

918 2704 646 87 à 1 h 30 et samedi-dimanche matinée à 15 h.

918 2742 224 48 J.L. Chautemps.

920 2775 651 64 GILL'S CLUB, 7, rue Sainte-Croix-de-la-Bre¬

920 2827 647 45 tonnerie (4e). LOU. 05-95. (Consommation 10 F).

922 2855 647 52 Tous les soirs de 21 h 30 à 4 h. En semaine:

924 2888 626 48 jusqu’au 14 : Hank Mobley; du 17 au 28

920 2919 651 84 Alain Hatot (ts); le samedi ; quartette Michel

920 2948 191 57 Edelin (frûte).

1729 2330 649 49 LIVING ROOM, 25, rue du Colisée (8e). ELY

1731 2364 651 42 25-29. (Consommation 12 E). Tous les soirs

1734 2391 643 64 sauf dimanche de 22 h à 4 h. Art Simmons

1735 2422 343 66 Trio et Aaron Bridgers.

1731 2469 649 52 RIVERBOAT, 67, rue Saint-André-des-Arts (6e)

1735 2508 649 48 (Consommation 10 F). Tous les vendredi et

1737 2541 649 49 samedi de 21 h 30 à 1 h 30 et dimanche à

1735 2568 651 51 15 h. Vendredi : les Blue Sounds d’Alain

1731 2599 655 61 Bromberg. Samedi : les serenaders d’Alain

1733 2631 123 46 Marquet.

1733 2658 653 76 SLOW CLUB, 120, rue de Rivoli (1er) GUT.

1735 2720 649 45 84-30. (Consommation 13 F et 15 F). Tous les

1733 2745 653 47 soirs sauf lundi de 21 h 30 à 2 h et dimanche

1733 2775 653 62 matinée à 15 h. Marc Laferrière et les NO

1737 2812 134 47 Stompers.

1737 2835 647 72 TROIS MAILLETZ, 86, rue Calande (5e). ODE

1737 2890 647 45 00-79. (Consommation 18 E). En janvier et fé¬

1737 2923 649 70 vrier, samedi de 22 h à 2 h : Memphis Slim

1737 2956 173 62 et B. Poole.
