2480 3508
95 140 675 91 Nouvelles Orléannaises

103 224 1082 44 On nous signale que le tromboniste anglais Max Coolie et ses Rhythm

103 251 1082 51 Aces, qui font les beaux soirs du pub - Trafalgar » de Londres almeraient

107 280 1076 43 se produire en France, au titre de la réciprocité. (C'est-à-dire qu’un

103 307 1080 45 orchestre français pourrait à son tour jouer en Angleterre dans les memes

101 331 154 49 conditions.

102 356 1082 64 lls ont déjà effectué plusieurs tournées en Europe et un séjour à la N.O.

99 393 407 51 où ils furent très appréciés.

105 422 1074 49 Cet orchestre que nous avons pu entendre récemment possède un dyna¬

103 456 1076 44 misme à toute épreuve. Ils ont tendance à interpréter leucs morceaux sut

103 485 1074 43 tempos ultra-rapides. Max Coolie cherche à donner un sang neuf aux

103 510 1074 45 vieilles rangaines de la N.O. et le résultat placerait plutôt son groupe dans

107 535 1072 51 la catégorie des Show-bands plutôt que dans celle à laquelle nous sommes

103 563 117 45 habitués

99 592 1076 51 Par contre le disque enregistré en direct dans leur base londonienne évo

101 625 1076 49 querait plutot l’orchestre de Chris Barber, voire celui de ken Colyer dans

103 648 302 45 leurs bonnes années.

101 680 1059 46 Ce disque, vous pourrez vous le procurez auprès de Margaret Crowther

103 711 1070 45 INTER-PRODUCTIÓNS FRANCE — 17, rue St Florentin — 75008 — Paris

99 738 1082 45 (BUR : 742-88-99) (Studio 567-9908) qui pourra également vous donner tout

99 771 963 45 renseignement complémentaire sur Max Coolie à ses Rythm Aces

101 800 1080 47 Titres : Shime she wabble, All the girls go crazy. Beale street blues. Red

99 826 1080 49 wing, The entertainer, Panama, Ballin' the Jack, St Phillip street Breakdown.

97 853 1082 51 Alexander's ragtime band. Weatherbird rag. Some of these days. Yellow dog

99 884 1025 43 blues, Gettisburg March, Tiger rag. There’Il be somme changes made

93 909 1082 70 Roger Bonhomme clarinettiste et leader des Blackstiks se retire de la

99 912 532 93 musique pour une durée indéerminée.

953 958 224 63 J.P. Daubresse.

481 1066 308 44 . TWO OF A KIND »

93 1132 1080 49 Lorsque Milt Buckner vient à Paris, il ne manque jamais de rencontrer son

95 1161 1076 47 ami André Persiany (-Requiem pour un chat . - Lifidis A.J. 1010). Lorsque

93 1190 1078 47 Jaki Byard vient à Paris, il ne manque jamais de rencontrer son ami Bob Vatel

95 1218 1074 44 talentueux pianiste resté dans l’ombre, trop rarement entendu en concert

95 1245 1074 43 De passionnantes joutes s’ensuivent, aussi captivantes pour les deux parte

95 1270 1072 43 naires que pour les auditeurs privilégiés qui assistent à ces a bœufs

93 1295 1073 49 umpromptus. Au cours de l’été 1971, cela se passait aux « Ten Gallons »,l

96 1306 1076 70 pub situé sous l' « Olympia», où officiait alors Bob Vatel ; en août dernier,

99 1333 1076 64 le duo Byard Vatel se produisit au Toit de Paris, de l'hôtel Hilton, Jaki

90 1356 1085 70 étant descendu dans cet établissement où Bob remplaçait Marc Hemmeler en

93 1403 1082 49 vacances. Jaki Byard tint à commémorer sa première rencontre musicale avec

99 1414 1079 65 le pianiste français en lui dédiant une de ses compositions Dedicated to

90 1432 1085 70 Bob Vatel of the Ten Gallons, enegistrée en juillet 1971 lors de la seance

93 1482 1082 49 faite pour Gérard Terrones (« Parisian Solos » - Futura « Swing » O5). Il

96 1499 1088 59 récidiva en decembre 1972 en reprenant ce même morceau, intitulé alors

93 1537 1085 50 To Bob Vatel of Paris, pour un album de solos de piano réalisé par

95 1563 1072 60 Don Schlitten (- There’il be some changes made » - Muse 5007), récemment

187 1677 927 141 VANDOREN

317 1884 626 88 ANCHES et BECS

315 1964 642 56 POUR INSTRUMENTS DE MUSIQUE

146 2046 969 99 56. Rue Lepic — PARIS (18e)

323 2134 603 72 Tél. : MONtmartre 39-87

1289 146 1076 49 sorti aux Etats-Unis ; Jaki y joignit un autre morceau également composé à

1288 173 1041 47 Paris, Blues for Jennie, en hommage à la charmante femme de Bob Vatel.

1286 202 1086 51 Après avoir reçu un accueil chaleureux aux concerts donnés à la mémoire de

1290 237 1080 43 Django Reinhardt à Mantes et à Sannois (- Jazz 3 », émission de télévision du

1288 263 1082 41 vendredi 28 décembre), Bob Vatel vient enfin d’enregistrer un disque qui

1290 288 1080 47 témoignera de la classe de ce pianiste si mal connu de ses compatriotes.

1292 315 1074 45 mais admiré des jazzmen américains, de Duke Ellington à Byard Lancaster.

1290 344 1076 47 Gravé les 29 et 30 décembre 1973 au studio de Jef Gilson pour Promophone,

1292 370 1076 41 ce disque prend prétexte d’un « Hommage à Fats Waller», évoqué plus par

1290 395 1078 47 l’esprit que par la lettre, pour démontrer sur des standards comme St. Louis

1286 419 1086 50 blues, Sweet Georgia Brown, Caravan, Sweet Lorraine, Rosetta, Basin Street

1288 450 1076 46 blues que le piano - stride- reste toujours d’actualité, vivant et ouvert à

1290 477 1082 43 toutes les acquisitions harmoniques, quand il est illustré par des musiciens de

1288 504 1075 43 l’envergure de Bob Vatel et Jaki Byard. Si Fats Waller avait vécu... ; en se

1286 530 1082 46 référant à Earl « Fatha » Hines, son contemporain, il est permis de penser

1290 561 1074 45 que Fats ne serait pas demeuré insensible à l’évolutoin du jazz tout en ne

1286 584 1082 49 rentant rien de son passé. Bob Vatel, cet allègre - Jeune homme de 57 ans ".

1292 613 850 53 suivant l’expression de Jel Gilson, nous le laisse supposer

2290 645 82 52 P. L.

1741 802 171 61 ANCIENS

1567 845 523 53 NUMEROS DE · JAZZ HOT -

1694 892 267 53 DISPONIBLES :

1312 939 1033 56 N° 2, 6, 8, Spécial 1949, 21, 36, 44, 45, 47, 48, 50, 52, 54,

1316 986 1025 50 55, 56, 58, 59, 60, 61, 64, 66, 69, 70, 71, 72, 73, 79, 81, 87,

1310 1029 1031 54 93, 94, 95, 96, 106, 115, 126, 127, 136, 137, 138, 144, 180,

1312 1071 1029 57 183, 186, 187, 189, 191, 195, 196, 199, 202, 204, 210, 212, 214,

1314 1116 1029 53 215, 217, 225 (l’exemplaire à 3 francs, les suivants à 4 francs);

1310 1159 1029 57 230, 232, 234, 235, 286, 237, 238, 239, 240, 241, 242, 243, 244.

1308 1208 1029 52 245, 246, 247, 248, 249, 250, 251, 252, 253, 254, 255, 256, 257.

1308 1255 1031 48 258, 259, 260, 261, 263, 264, 266, 267, 268, 269, 270, 271.

1310 1303 1031 49 272, 273, 275, 276, 278, 280, 281, 284, 285, 286, 287, 288, 289,

1310 1342 1035 57 290, 292, 293, 294, 295, 296, 297, 299, 300, 301, 302. (A 5 francs),

1310 1385 1033 57 les numéros spéciaux : Louis Armstrong (263), La Guitare (283),

1306 1432 628 53 La Batterie (291) Duke Ellington (298)

1382 1467 928 49 - - - - - - - - -

1292 1522 460 50 A détacher et envoyer

1304 1561 446 56 14, rue Chaptal, Paris (9e)

1302 1609 444 57 accompagné d’un chèque

1819 1578 557 74 BULLETIN D'ABONNEMENT

1298 1656 337 51 bancaire ou postal

1300 1699 331 49 CCP Paris 1925-10.

1278 1787 1102 66 1 Je soussigne (nom en majuscules)..........................1

1286 1857 1049 68 Prénom................................................

1284 1946 1090 63 Adresse (rue).................................. (n°).... 1

1271 2007 1095 72 Vllle (départ)..............

1657 2089 707 68 Signature............................

1302 2173 747 64 France : 40 francs. — Etranger : 50 francs.

140 2358 655 46 BOFINGER 5, rue de la Bastille, (272-87-82).

142 2389 632 49 Restaurant. Mer., Ven. et Sam. sur deux

140 2412 653 47 High Society Jazz Band. Lun., Mar., leu. et

142 2443 450 45 l’autre samedi : Maxime Saury.

138 2490 657 51 BILBOQUET (anc. Club Saint-Germain), 11, rue

140 2527 651 47 Saint-Benoit, Paris-6 (548-81-84). Tous les soirs

146 2552 640 49 à la cave (28 F cons. comp.) : programme

140 2580 653 51 non communiqué. Prob. : Kenny Clarke Trio

140 2611 285 49 avec Eddie Louiss.

140 2636 637 71 CALAVADOS, 40, avenue Pierre-1er-de-Serbie

137 2645 643 91 Paris-8e (225-95-38). Tous les soirs: Joe Turner

138 2734 651 49 CAMELEON, 57, rue Saint-André-des-Arts. Pa¬

142 2769 645 47 ris-6 (DAN. 64-40). R.-de-c. : discoth. Jazz.

144 2794 641 39 Cons. à partir de 4 F, s. c. Cave : discoth.

140 2821 651 43 dans. et mercredi, jeudi : Boule de Mug

138 2847 618 50 (Jeff Siccard Sextette) (15 F cons. comp.).

136 2890 653 54 CAVEAU DE LA RUCHETTE, 5, rue de la Hu¬

137 2935 638 40 chette, Paris-5e (DAN. 65-05), Entrée : 8 r d

144 2954 647 41 21 h 30 à 2 ou 3 h; samedi : 12 F. Consom¬

142 2979 614 49 mation à partir de 2,50 F. Jusqu’au 17

138 3005 653 58 Dany Doriz. Ensuite programme non commu¬

138 3034 84 51 niqué

142 3079 645 56 LE CHAT QUI PECHE, rue de la Huchette,

140 3116 649 43 Paris (Se). Entrée : 15 F. Consommation com¬

140 3143 643 45 prise. Ouvert tous les Jours sauf le mardi

140 3170 651 65 à partir de 22 h : programme non communt¬

144 3198 50 80 qué

894 2364 677 38 CAVEAU DE LA MONTAGNE, 18, rue Des¬

898 2393 652 41 cartes. Paris-S (ODE 82-39). Consommation :

906 2420 640 49 12 F. Le Jeudi : Alligator Jazz Band; le sa¬

898 2449 308 41 medi : Les Jazzolyne.

898 2473 650 54 LA CIGALE, 124, boulevard Rochechouart, Pa¬

894 2493 656 64 lis 18e (mon 5829) Consommations 4 F et

894 2516 656 79 6 F. Tous les sauf jeudi de 21 h 30 à

906 2528 646 88 2 h : Orchestre Al Livrat avec Robert Ma-

900 2597 104 41 vounzy.

897 2616 641 67 LE FURSTENBERG. 2, rue de Buci, Paris-5e

894 2651 653 58 tél.: 033-79-51. Tous les soirs jusqu’a 3 h du

900 2689 388 47 matin : André Perslany trio

894 2715 658 59 GIBUS-CLUE, 18, rue du Faubourg-du-Temple

900 2753 650 47 (11e), Tél. : 700-78-88. Tous les jeudis, à 22 h:

898 2786 390 45 Claude Cagnasso Big Band.

894 2820 650 60 LIVING ROOM, 25, av. du Colisée. Paris-8e

894 2847 647 52 (ELY 25-28). Consommation : 15 F. Tous les

894 2861 641 68 Soirs saut dimanche de 22 h à 4 h Alice

896 2905 390 45 Darr trio et Aaron Bridgers

896 2952 646 55 LE NEWPORT, 18, rue des 4-Vents, Paris (6e),

900 2985 638 57 Sans heure fixe de fermeture. Ts les jrs,

894 2993 644 67 discotn. jazz: 6 F. Les 5, 6 et 7 à 22 h

903 3019 644 73 20 F. cons comp, renonv. 6 F) le Sextette

902 3067 644 43 de Sonny Grey. Les 19, 20 et 21 : Alain

896 3094 238 49 Brunet Quartette.

894 3122 644 67 LA PAILOTE, 45, rue Monsieur-le-Prince

897 3154 644 73 (DAN 45-69) De 15 h à 3 h du matin: 4 F.

902 3202 304 50 9 F. discothèque jazz

1645 2356 673 50 PUB WISTON CHURCHILL, 5, rue de Pres¬

1653 2395 581 46 bourg. Ts les soirs : Philippe Beaudoin.

1657 2430 657 50 RIVERBOP, 67, rue Saint-André-des-Arts, Pa¬

1666 2469 638 45 ris-6e (sans téléphone). Du mercredi au sa¬

1661 2496 641 45 medi soir à partir de 22 h (consommations

1664 2502 643 64 13 et 15 F : du 3 au 6 : SAGA (Kessler).

1661 2541 649 49 Vidal, Tricottet); jeudi : Michel Terrioux quin¬

1657 2574 655 39 tet; vendredi: Mowgli Jospin/Paul Vernon

1659 2603 561 49 sextet; samedi : Arrigo Lorenzi sextet.

1655 2642 655 45 SLOW CLUB, 130, rue de Rivoli, Paris-1er

1657 2675 645 41 233-84-30. Consommations : 12 F en semaine.

1661 2698 643 49 45 F vendredi et samedi. Tous les soirs saut

1658 2707 643 67 lundi de 21 h 30 à 2 h. Matinées dimanche

1663 2757 641 51 15 h. Orchestres Michel Attenoux et Claude

1657 2781 78 46 Luter.

1655 2821 645 63 TRAFALGAR, 54, r. Pigalle, Paris-9e (874-54-87)

1661 2866 643 43 ouvert 24 heures sur 24. Pub, restaurant. Ts

1661 2891 608 46 les soirs à 22 h, cons. à part. de 14 F

1657 2919 569 43 René Franc. A minuit : Maxime Saury

1653 2958 653 51 TROIS MAILLETZ, 56, rue Galande, Paris-5e

1655 2995 649 45 (ODE. 00-78). Consommation : 20 F. Ouverture

1658 3022 643 50 le samedi seulement jusqu’au 15 : orch. J.L

1657 3048 651 50 Parodi et attraction : Memphis Slim ou Je¬

1657 3081 241 43 rome Van Jones.

1657 3112 653 64 LA VERANDA, 120, rue des Rosiers aux Puces

1658 3145 637 58 de St-Ouen Prix cons, très raisonnable. T.

1658 3157 643 73 les samedis et dimanches après-midi: le

1655 3203 515 47 quartette de Marc Richard (s et cl).

1007 2278 422 91 CABARETS

81 3278 63 58 28
