2480 3508
169 229 402 96 les batteries

208 1054 644 70 sont enfin disponibles en france.

206 1192 690 88 Ce matériel 100% fibre de verre

204 1276 583 74 procure une puissance sonore

206 1340 195 78 inégalable.

658 1964 155 105 fibes

251 2527 794 78 ENSEMBLE FORTE 5895 F

155 2605 400 59 Ses références?...

157 2673 831 80 BILIY COBHAM DU MAHAVISHNU

159 2759 310 74 En vente chez

169 2809 962 114 PAUL BEUSCHER

530 2944 520 72 25-35, boulevard Beaumarchais

536 3011 507 60 PARIS IVe — Tél. : 278-09-03

503 3065 571 86 Envoi de catalogues sur demande

161 3131 246 53 ÉDITIONS ET INSTRUMENTS

95 3276 68 56 24

1298 153 468 131 concerts

1290 311 501 53 LES BALLETS ALVIN AMEV

1290 413 659 60 Palais des sports, du 15 janvier au 10 février.

1296 457 1092 65 Un spectacle du tonnerre, un public qui s’écrasait littéralement, fou d’en¬

1292 487 160 52 thousiasme

1294 522 1084 52 Une troupe de danseurs et de danseuses à la technique impeccable et

1298 551 1078 51 qui - swingue » sans désemparer. Le groupe des Starts of Faith avec leur

1292 575 1082 56 merveilleux pianiste-organiste-M.C. et - preacher » Jerome Jones (qui

1296 606 1080 48 est passé en attraction « Chez Sarah » et aux « Trois Mailletz », les musi¬

1294 629 1080 55 ciens français : Jean-Pierre Sasson. Didier Levallet, Franco Manzecchi, plus

1292 662 1084 47 deux très bons percussionnistes, un excellent pianiste américain, un chœur

1292 687 462 53 superbe et Brother John Sellers.

1292 707 1076 105 La première partie consacrée à des chorégraphies « semi-classiques »

1292 745 1076 64 somptueuses. La deuxième partie consacrée aux blues et aux gospels songs,

1292 779 193 43 aux spirituals

1290 812 821 55 Un des meilleurs spectacles de ces dix dernières années.

2300 836 82 58 P. C.

1288 949 696 62 ALAIN PINSOLLE ET SON QUARTETTE

1292 1036 579 55 Musée d’Art moderne, le 23 janvier 1874.

1292 1067 357 47 Cyrano, le 6 février 1974,

1292 1093 1068 105 Le groupe français qui, hier encore, inconnu, s'est placé en quelques mois

1295 1122 1073 76 au tout premier rang des jeunes formations. La preuve - c'est que Steve

1292 1155 304 53 Lacy (voir plus bas).

1290 1190 1088 53 Alain Pinsolle, vibraphoniste, chef d’orchestre, compositeur et arrangeur

1292 1220 1082 50 écrit presque toute la musique de ce groupe. Il a beaucoup d’autorité et

1298 1251 1076 50 d’ascendant sur ses musiciens et il est vraiment l’âme du groupe. Au

1294 1274 1078 51 saxophone-alto, baryton, ou soprano Claude Bernard est la grande sensa¬

1292 1303 1078 51 tion du moment. Un garçon qui peut s’aligner avec les plus grands. A la

1296 1329 1070 54 contrebasse, Jean-Jacques Avenel, un tempérament dinque et les idées les

1294 1358 833 49 plus » crazy ». A la batterie Ron Pittner ou Kenneth Tyler.

1289 1371 1000 93 Retenez bien ces noms. Un des groupes français les plus intéressants

2149 1385 211 85 Maurice Cullaz

1284 1524 552 52 ALAIN PINSOLLE (STEVE LACY

1288 1609 1090 57 Steve Lacy (ss); Claude Bernard (as, bs); Alain Pinsolle (vib) ; 1.J. Avenel

1286 1637 373 52 (b) ; Kenneth Taylor (dms)

1288 1672 562 50 Faculté de Jussieu, le 30 janvier 1974.

1288 1707 1086 52 Lacy-Pinsolle, une rencontre qui ne doit rien au hasard tant sont voisines

1292 1734 1074 55 leurs préoccupations. Au plan des compositions tout d’abord : trois de

1288 1761 1082 61 chacun, toutes superbes, se Jouant de sonorités acidulees, d’intervalles

1388 1943 585 60 ACTUELLEMENT DISPONIBLES

1542 2026 573 65 Quelques exemplaires seulement :

1587 2083 477 58 HOT DISCOGRAPHIE (1938)

1587 2135 485 59 de Charles Delaunay (25 F)

1308 2200 392 68 DJANGO, MON FRERE

1844 2211 503 69 HOT ICONOGRAPHIE (1940)

1308 2293 370 49 par Charles Delaunay.

1846 2287 501 59 14 lithographies originales

1306 2323 509 46 Prix spécial aux lecteurs de

1312 2362 495 52 - Jazz Hot » : 20 francs (frais

1844 2325 501 52 blanc sur noir, de Charles

1310 2395 284 52 d’envoi 3 francs).

1842 2356 497 61 Delaunay (X) (Armstrong.

1846 2393 497 60 Duke, Hawkins, Addison, loe

1844 2432 214 50 Turner, etc.).

1304 2471 359 66 HOT DISCOGRAPHIE

2070 2461 273 60 Prix : 45 francs.

1306 2519 501 86 ENCYCLOPEDIQUE (1950-81)

1846 2521 345 72 LA REVUE DU JAZZ

1310 2597 503 53 Vol. 1 (A-B), 2 (C-El). Chaque

1306 2638 499 47 volume : 6 francs (envoi :

1844 2607 380 57 (nouvelle série) (1952)

1312 2669 185 69 150 franc).

1846 2642 497 63 n° 1 (2 francs ; envoi : 075

1846 2671 107 63 franc).

1721 2798 213 43 les reliures

1729 2847 191 58 JAZZ HOT

1666 2899 316 55 au nouveau format

1596 2946 451 57 sont à nouveau disponibles

1606 2999 429 64 Envoyez votre commande

1516 3048 609 64 avec 20 F (port compris) par reliure

1392 3106 863 76 (les reliures ancien format ne sont plue disponibles)
