2480 3508
105 152 1085 61 monkiens et toujours ponctuées d’humour, flirtant parfois avec les expé¬

107 190 1084 49 rences d’un Philip Glass (décalages des faux unissons entre les deux saxes).

109 220 1082 58 De Lacy, il pourrait paraître superflu de parler encore, tant fut évidente son

111 245 1076 56 autorité. Une fois de plus Il nous surprit en faisant » autre chose ". et il

111 278 1078 45 nous émerveilla sur sa propre composition du deuxième set par un long

109 307 1086 45 solo limplde et écorché. En sa permanence, le discours de Lacy m’apparaît

109 337 752 48 parmi les plus irréductibles et fulgurants qui soient

111 350 1096 65 A ses côtés. Claude Bernard se révéla comme l'un des très rares saxo¬

111 391 1079 50 phonistes originaux que l’on puisse entendre aujourd’hui à Paris. Son art

111 397 1085 73 de la modulation sonore est tout à fait exceptionnel fous ce qu'il fit fut

108 432 1085 67 d'une lucidité exemplaire. Concis et passionnant de qu'il nous dit est une

109 479 551 45 rafraichissante et singulière nouveauté.

111 491 1082 111 Tout aussi efficace fut Jean-Jacques Avenel, Malheureusment desservi par

111 537 1082 53 la prise de son. Depuis un an, il a acquis de l’autorité, et possède la sen¬

116 572 291 43 sibilité pour réussir

114 590 1076 64 Kenneth Taylor nous fit apprécier son extrême musicalité. Constamment

116 628 1074 61 aux aguets, il fournit par son humilité, un accompagnement véritablement

113 662 134 47 pertinent.

113 680 1076 56 Le maître-d’œuvre, enfin, Alain Pinsolle, s’affirma moins comme soliste

113 719 1074 43 que comme le catalyseur du groupe, l’élément assurant les transitions

113 748 1068 47 récupérant les égarements, prolongeant les audaces, indiquant une nou-

113 777 202 47 velle direction.

111 804 1082 61 Un concert passionnant qui fut enregistré sur bandes... Avis aux producteurs.

1023 841 172 67 Alex Dutilh.

107 941 396 58 PERSIANY — BADINI

113 1034 545 57 Maison de l’O.R.T.F., samedi 2 février

120 1075 806 59 — A. Persiany (p) R. Lobligeois (g) R. Paraboschi (dm)

118 1116 1036 55 — G. Badini (ts) X. Chambon (tp) R. Fol (p) P. Sim (b) M. Denis (dm).

116 1163 1075 51 En première partie le trio d’André Persiany. Un vrai trio : la précision

116 1196 1077 43 de l'exécution des thèmes et des arrangements en témoignent (What a

116 1223 1079 43 mess for a bass). Un bassiste qui fait preuve d’une souplesse et d’une

119 1245 1074 50 rondeur exceptionnelles et qui séduit sans aucun chiqué. Le pianiste s’y

118 1268 1077 53 appuie avec une sûreté et un à-propos qui en font aujourd’hui l’égal d’un

122 1305 1069 43 Milt Buckner dont il n’est pas le servile reflet. Un fait à signaler: le

116 1329 1073 44 choix des morceaux, des thèmes de qualité qu’on redécouvre avec de

118 1354 1077 47 oreilles vierges (Wrap your trouble in dreams, Louisiana, Jumpin' punkins...

119 1379 1071 50 Remarque semblable à propos de la - Swing Machine» de Gérard Badini

118 1409 1073 44 Snibou, de Strayhorn, Main Stem et les compositions de Raymond Fol,

116 1435 1068 44 l’alternance des tempos et des climats donnèrent beaucoup de relief à

116 1463 1079 43 prestation du quintette, une formation qui par ailleurs parvient bien au but

118 1490 1067 39 que son nom propose. Le swing est en effet manifeste, grâce d’abord

116 1516 1075 43 l’excellente rythmique propulsée par Michel Denis, bourré d’énergie et de

118 1543 1079 45 drive. On constatera cependant une fois de plus que la salle 105 est peu

118 1570 1077 43 favorable à cette musique. Le courant passe avec peine du trop grand

116 1598 1079 46 plateau à un public pétrifié. Il faut écouter le quintette en club pour retrou-

120 1625 1071 39 ver, à l’état pur et les manches retroussées. la générosité de Badini e

120 1650 1073 43 la hargne de Chambon, des musiciens passionnés par une musique dont

122 1677 1075 47 pour ma part, j’ai une soif impérieuse. De Raymond Fol enfin, disons qu’il

122 1703 1059 52 ne lui manque que le culot qui en a fait réussir de bien moins talentueux.

970 1744 223 48 Claude Carriere

1294 185 384 56 RAY STEPHEN OCHE

1298 257 968 61 Centre culturel américain de la rue du Dragon, le 22 janvier 1974,

1304 296 821 48 et Centre américain du boulevard Raspail le 9 février 1974.

1300 321 1080 59 Ray Stephen Oche, originaire du Nigeria, où les traditions musicales afri¬

1300 354 1078 51 caines sont solidement ancrées, Ray Stephen Oche, trompettiste, composi¬

1304 383 1074 51 teur, arrangeur et chef d’orchestre, plein de fougue et de feu, dirige un

1300 411 1080 50 excellent orchestre qui fait une synthèse de la musique purement africaine

1304 442 1076 45 et des musiques du Continent américain. A la batterie Thierry Gandus,

1302 467 1076 45 un Congolais ; Tony Batchi, lul aussi Congolais, est à la guitare-basse,

1300 495 1076 44 tandis que son compatriote Lucky Zebila, un remarquable danseur, est aux

1302 522 1078 45 tumbas. Souvent on retrouve, à leurs côtés, le Togolais Adolphe Winkler et

1304 549 1074 49 le Sénégambien Jo Maka. Claude Lasry à la flûte et le Guadeloupéen Rony

1304 578 1074 47 Jean-Marle au piano, au piano électrique ou à l’orgue complètent la for¬

1304 604 1055 48 mation. Enfin François N’Yambo renforce souvent l’orchestre à la guitare.

1300 637 1080 47 Une musique très forte et très Inspirée avec, par moment, un torrent de

1306 666 1072 47 rythmes - hip » et débauchés, par moment, une étrange et douce nostalgie.

1301 669 1085 70 Vous ne pouvez avoir aucune vue d'ensemble de la musique à Paris, si

1308 721 1074 44 vous ne connaissez pas encore la musique douce et forte, stimulante et

1302 750 552 50 étrangement hiératique de Ray Stephen.

2318 767 64 65 J. H.

1300 886 341 49 L'AACM A PARIS

1295 920 1094 85 Art Ensemble of Chicago : Lester Bowie (tp); Joseph Jarman, Roscoe

1301 982 775 52 Mitchell (anches); Malachi Favors (b) ; Don Moye (am)

1304 1013 401 51 ORTF Paris, 10 février 1974,

1306 1048 1082 66 New Dalta : Leo Smith (tp, bugle, fl, vib, balapon); Leonard Jones (b,

1306 1083 82 47 bells)

1308 1105 598 56 Cité Internationale, Paris, 11 février 1974.

1306 1143 1082 51 De l’A.E.C. à New Dalta, l’itinéraire est édifiant. A 24 h d’intervalle

1306 1179 1080 44 s’offraient à nous les tentations diverses et les constantes de cette fameuse

1307 1201 1076 53 " école de Chicago » que constitue l’AA.C.M., dont Anthony Braxton et

1308 1233 817 45 Leroy lenkins constituent deux autres maillons essentiels.

1298 1254 1094 105 D'un côté une musique orgiaque, regorgeant de plaisir, chargée de la

1307 1292 1079 55 tradition noire, de l’autre un art austère, signifiant le désir, fuyant d’audace

1312 1327 505 43 en audace, narcissique et luxuriant.

1308 1346 1080 57 Assagi, parvenu à ce qu’il faut bien appeler une maturité, l’AE.C. ottre

1312 1387 1074 45 une image décantée de sa propre histoire. On se souvient des provocations

1312 1414 1076 43 scéniques, des débauches percussives, de la mise à mort de toute com¬

1308 1438 1076 49 plaisance. Tout ceci existe encore certes, mais simplement désigné. Il n’y

1316 1467 1070 43 a plus que la face de larman à être peinte, Malachi Favors à être accoutré

1306 1492 1080 45 bizarrement, Lester Bowie à aller se méler aux spectateurs, Roscoe Mitchell

1304 1511 1082 55 a faire de l'humour provocateur. Tout exces est bannt. Chacun se voit

1304 1531 1076 62 devolt une foncuon unique et nécessaire au mythe- Art Ensemblee.. T.

1312 1576 1078 51 groupe y est gagnant au niveau de la cohérence et de la puissance de

1308 1605 142 43 conviction

1310 1635 1078 50 D’autres éléments par contre, existant autrefois à l’état de potentialité,

1310 1666 1047 41 voire simplement embryonnaires, sont à présent mis en pleine lumière

1314 1691 1076 43 la tradition musicale négro-américaine, une exécution splendide des pas¬

1314 1718 1074 47 sages d’ensemble, des compositions et des arrangements de toute beauté.

1314 1748 1074 43 C’est donc à une double maturation que l’on a assisté : au plan scénique

122 1843 519 117 spécial

735 1917 1431 137 2 ai Cudoi a Daris a

582 2058 1451 148 colonne d'air directe

503 2829 1528 164 TROMPETTES SIb 213

436 3007 1644 52 BRANCHE D'EMBOUCHURE FACILITANT L’EMISSION - LARGE CINTRE

434 3050 1640 52 DU PAVILLON-SPATULEACCORD AUX 1er ET 3e PISTONS AUTOMATIQUES

434 3090 1620 55 PISTONS PETITE COURSE INTERCHANGEABLES - PISTONS “MONEL

440 3126 1642 66 ( métal inoxydable)- PAVILLON NOUVELLE FORME - METAL AMERICAIN

329 3221 1823 70 DOCUMENTATION SUR DEMANDE - 8. RUE DE NANCY-75010 PARIS 807-77-85

2335 3299 65 56 25
