2550 4200
100 144 714 56 Cat, Cootie, Hodges, Procope, Gonsalvès,

100 175 710 60 Carney, Lawrence Brown furent merveilleux

100 214 707 61 et nous eûmes la bonne surprise d’entendre

100 247 710 56 aussi les très bons solistes que sont Harold

100 287 707 58 Ashby et Norris Turney. Quant à Tony Wat¬

100 322 707 53 kins. il chante en place et juste, conve¬

102 359 565 58 nablement et professionnellement.

100 403 714 54 Au deuxième concert, l’orchestre fut encore

102 438 705 61 beaucoup plus brillant. François « Frick»

102 476 708 53 Guin avait été ajouté aux trombones (Ben¬

107 515 703 54 nie Green étant indisponible). Sur « Cres¬

102 546 708 58 cendo and Diminuendo», il prit un très beau

102 583 701 56 chorus et, en invités d’honneur, Don Byas...

105 616 700 58 puis Archie Shepp jouèrent comme s’ils

105 655 705 54 faisaient partie de l’orchestre depuis des

107 693 124 53 années.

107 725 703 66 Il n’y a d’ailleurs que les débiles mentaux,

112 772 695 61 les «Squares » et les attardés pour s’en

107 807 700 58 étonner. De même que Monk ressemble,

107 842 703 61 musicalement, à Duke... comme un frère

105 879 702 61 (voir interview de Walter Davis Ir dans le

107 917 705 53 précédent numéro de - Jazz Hot »), Archie

112 949 698 56 Shepp est fait pour jouer la musique de

109 984 701 61 Duke... avec l’orchestre de Duke (et aussi

112 1024 469 56 sa propre musique, bien sûr).

109 1064 708 60 Le jour où Shepp enregistrera avec la

107 1103 707 59 formation d’Ellington et jouera ses propres

107 1138 710 56 compositions et arrangements ou les com¬

107 1169 707 67 positions et arrangements de Duke spécia¬

109 1213 708 56 lement conçus à cette occasion... cela fera

112 1253 84 56 mal!

109 1290 710 63 Duke et Shepp, très émus, s’étreignirent

114 1330 698 63 et se congratulèrent longuement, après le

109 1365 619 58 deuxième concert, dans les coulisses.

112 1411 702 61 Bonnes prestations, à chaque concert, de

112 1449 702 53 Ruby Braff, de Red Norvo et de Barney

112 1486 700 54 Kessel accompagnés par George Wein,

112 1521 702 56 l’excellent Larry Ridley et Don Lamond (ce

112 1554 698 56 dernier un peu décevant), Joe Venuti, ro¬

116 1586 696 63 buste septuagénaire, swingue toujours au¬

114 1626 703 58 tant et joue du violon en virtuose. Invités

114 1661 703 58 d’honneur, Stéphane Grappelly et Jean-Luc

114 1694 703 63 Ponty (ce dernier jouant d’un nouvel ins¬

114 1731 700 58 trument, à la riche sonorité, le violon-bary¬

116 1766 698 58 ton) jouèrent avec leur flamme habituelle.

116 1803 696 59 Ceux des musiciens américains qui les

114 1841 703 58 connaissaient encore mal furent très im¬

116 1869 703 70 pressionnés par les deux violonistes fran¬

116 1906 703 56 cais, et Venuti (qui venait d’enregistrer à

119 1943 698 61 Paris un disque avec Stéphane) ne taris¬

119 1983 695 54 sait pas d’éloges sur Stéphane et sur le

119 2018 369 56 « young french man»

112 2051 716 70 Le 3 novembre : Décidément, la participation

873 130 719 59 française au Vle Paris Jazz Festival devait

878 168 705 58 étonner ceux des participants étrangers

878 203 705 60 (musiciens, journalistes ou auditeurs) qui

878 240 551 58 ne les connaissaient pas encore.

878 282 709 65 Michel Roques, admirablement accompagné

880 322 700 60 par Benoit Charvet et Franco Manzecchi.

885 359 693 58 fut aussi brillant et aussi inventif que d’ha¬

878 401 105 56 bitude

880 441 705 56 Michel a vraiment son style bien à lui et

885 480 693 59 il est aussi à l’aise au saxo-ténor qu’à la

882 513 698 61 kéna, aussi habile au soprano qu’à la

880 555 266 51 flûte traversière

880 597 703 65 Déchainés, les trois hommes firent « le

882 644 126 58 tabac»

878 681 712 61 Beaucoup de musiciens américains posèrent

880 721 698 56 des tas de questions sur « Les Swingers »

882 756 698 56 Michel Sardaby et son trio et sur Michel

882 798 467 56 Roques et ses compagnons

882 835 703 63 Miles Davis fut aussi prodigieux qu’à An¬

882 877 708 58 tibes. Wayne Shorter, compositeur de fort

882 912 703 54 beaux thèmes, n’a pas son pareil pour

887 945 700 60 jouer la musique de Miles ou pour créer

882 980 703 58 musicalement, dans l’esprit de Miles. Lui

885 1019 700 59 aussi est meilleur chaque année. Il se

885 1057 702 51 meut dans l’atmosphère de Miles comme

885 1089 698 54 un poisson dans l’eau. Chick Corea est

885 1124 695 56 extraordinaire d’invention, de drive et de

885 1166 432 52 swing au piano électrique.

887 1208 705 56 Jack de Johnette était certainement un des

889 1243 701 59 seuls drummers à pouvoir valablement rem¬

885 1278 702 63 placer Tony Williams. Dave Holland fait

885 1313 707 61 parfaitement l’affaire. Chose curieuse, quand

889 1351 698 53 de Johnette se met au piano, on jurerait,

892 1386 688 56 si on ferme les yeux, que Chick est le

887 1421 696 60 pianiste, et quand Chick se met à la bat

889 1453 696 59 terie il joue d’une manière semblable á

889 1495 220 54 celle de Jack

889 1535 698 61 Quant à Miles, suprêmement élégant, un

889 1575 701 63 peu mystérieux, un peu diabolique, il s’in¬

889 1612 701 61 tègre miraculeusement à ce merveilleux or¬

896 1645 691 60 chestre qui, par moment, ne fait que

889 1682 696 58 l’accompagner... mais avec une sorte de

892 1717 695 61 génie collectif, et qui, à d’autres moments

892 1752 691 61 se livre, avec son chet, à une sorte d’im

892 1787 691 61 provisation collective subtile dont la mu

892 1824 688 56 sique de jazz ne connaissait, jusqu’à main

892 1859 408 59 tenant, rien d’équivalent.

892 1899 700 68 Le public ne s’y trompe pas. Par le disque

894 1943 696 56 et par la radio, il a assimilé le son, le

892 1976 700 58 « sound » de Miles, même quand il ne con¬

894 2013 698 63 nait guère autre chose dans le domaine du

892 2046 698 77 jazz. Il est sensible à la magie de cette

1653 121 705 61 musique et il retrouve, au concert, une

1655 154 703 63 atmosphère de beauté subtile qu’il est pre¬

1657 191 699 58 à subir avec ravissement et qu’il ne cher¬

1657 231 549 63 che pas, Dieu merci, à analyser.

1657 273 701 60 Et c’est un des titres de gloire de Miles

1657 305 706 61 que d’avoir provoqué, d’abord, l’émerveu¬

1657 343 703 60 lement des musiciens, mais aussi d’avoi¬

1657 382 589 63 conquis la faveur du grand public.

1657 429 703 58 le suppose que la plupart des lecteurs de

1662 466 698 56 « Jazz Hot » connaissent, par les disques

1660 501 700 61 ou les concerts, celut qui est un des génies

1662 536 701 59 du jazz, un des principaux musiciens de

1660 571 700 56 l’école moderne : le pianiste, compositeur

1660 606 703 56 et chef d’orchestre Cecil Taylor. Il se peut

1660 641 700 61 même que certains lecteurs de - Jazz Hot ¬

1660 674 705 63 aient entendu Cecil et son quartette actuel

1669 711 694 61 à la Fondation Maeght, à Saint-Paul-de¬

1662 749 705 53 Vence, à la même époque que celle du

1662 786 703 56 Festival International de Jazz d’Antibes¬

1662 823 217 56 Juan-les-Pins.

1662 854 708 70 Mais nous étions plusieurs à appréhender

1664 907 706 54 les réactions du public qui se pressait dans

1664 940 703 58 l’enceinte de la Grande Salle Pleyel, car,

1667 973 700 65 jusqu’à présent (estimions-nous peut-être

1667 1010 700 61 à tort) ce n’était que les musiciens profes¬

1664 1047 703 56 sionnels et les amateurs les plus - hip ¬

1669 1080 701 56 qui avaient pu écouter, étudier, assimiler

1669 1120 453 58 la musique de Cecil Taylor.

1664 1159 708 66 Nous nous trompions. Tout simplement

1664 1197 706 60 Cecil Taylor, Andrew Cyrille, Jimmy Lyons

1669 1234 698 63 et Sam Rivers ont joué pendant plus de

1664 1271 703 56 deux heures, à chaque concert, devant un

1667 1304 705 65 public subjugué, attentif, silencieux, visible¬

1669 1346 222 58 ment comblé.

1667 1386 707 56 Un de nos amis s’entretenant avec Cecil

1671 1423 694 61 Taylor, après le concert, lui disait : « J’ai

1669 1456 705 63 été frappé par deux choses : Tout d’abord

1670 1487 701 74 je comprends pourquoi tu raffoles de la

1667 1533 705 53 danse, pourquoi tu danses si bien, pour¬

1669 1568 703 56 quoi tu aimes tant écouter Junior Walker,

1669 1605 698 54 Lee Dorsay ou James Brown. — Bien sûr...

1669 1635 705 63 ta musique danse toujours... quel qu’en soit

1671 1673 701 60 le tempo. Et puis, je comprends aussi pour¬

1669 1701 705 70 quoi tous ceux qui ont entendu, en chair

1674 1740 703 63 et en os. Art Tatum ont été effrayés. Tu

1674 1778 703 56 as, à la fois, effrayé et comblé de joie

1671 1817 432 54 les auditeurs de Pleye!!»

1671 1855 708 67 La fin du deuxième concert avait de quoi,

1674 1899 703 56 cependant, désarçonner et déconcerter des

1674 1932 700 58 auditeurs non avertis. Cecil jouant à une

1671 1964 708 63 prodigieuse vitesse, faisait au plano des

1676 2002 701 58 choses qui paraissaient impossibles. Les

1676 2039 703 72 idées se succédaient à une telle cadence

165 2118 1383 87 Photos (page précédente) : Miles Davis, Duke Ellington; ci-dessous : Cecil Taylor et Chick Corca.
