2550 4200
361 1157 344 56 Paris, 12 novembre

256 1218 561 65 ARCHIE SHEPP ET DON BYAS

336 1260 403 77 AMERICAN CENTER

179 1337 703 56 Archie Shepp et Don Byas réunis dans

182 1374 705 58 un même concert, jouant la même musi¬

184 1409 701 54 que ? Je n’y croyais pas trop, à priori,

184 1444 703 56 mais tout se passa assez bien. Don ayant

182 1473 693 67 fait un effort réel pour s’adapter à la

182 1516 700 61 musique de Shepp, du moins quant à la

182 1558 102 52 forme.

179 1593 699 66 Deux concerts avaient été prévus, à

179 1635 706 54 20 heures et 22 heures respectivement,

182 1673 703 51 mais les événements prirent une tournure

186 1708 699 56 inattendue qui faillit engendrer une cata¬

182 1743 700 58 strophe. Le premier concert ne put en

182 1778 703 51 effet commencer qu’à 20 h 45. Don

179 1813 703 53 Byas, accompagné par Georges Arvanitas

182 1848 700 53 au piano, Malachi Favors à la contrebasse

182 1885 703 54 et Philly Joe lones à la batterie, joua lon¬

186 1922 699 56 quement, sur tempo assez rapide, des

179 1957 703 59 thèmes standards comme - Les feullles

182 1990 698 54 mortes ». Techniquement, Don est tou¬

182 2025 700 61 jours un maître du saxophone ténor ; c’est

182 2062 700 56 d’ailleurs le premier saxophoniste qui fit

184 2100 698 51 sur moi une impression durable lorsque je

179 2132 703 56 m’initiai au jazz il y a dix-neuf ans;

179 2170 701 56 l’adore encore son « Stormy weather »

182 2207 703 49 enregistré avec Jack Diéval, mais j’avoue

182 2240 698 53 ne pas éprouver d’enthousiasme pour sa

184 2275 698 58 production de ces dernières années. A

179 2312 701 54 l’American Center, il a confirmé ce que je

179 2347 703 54 pensais de lui, en jouant une musique

182 2382 700 54 assez agréable, mais prévisible. La ryth¬

184 2417 696 54 mique fut excellente, entrainée par un

182 2452 703 54 Philly Joe Jones en pleine forme. C’est

179 2489 706 52 d’ailleurs cette même rythmique qui resta

182 2522 700 54 sur scène pour accompagner Archie

182 2557 700 56 Shepp. Cal Massey (remarquable trompet¬

182 2592 703 61 tiste et arrangeur-compositeur), Roscoe Mit¬

184 2632 701 58 chell (flôte, saxophones alto et basse).

184 2678 698 54 Grachan Moncur Ill (trombone) ainsi que

184 2716 701 53 Don Byas qui revint s’intégrer au groupe,

184 2753 698 49 en compagnie d’un curieux personnage er

182 2783 703 56 uniforme d’aviateur de l’armée américaine.

182 2821 700 56 dont personne ne put me dire le nom, et

184 2858 703 47 qui joua d’une sorte de flûte d’une ma¬

184 2891 701 58 nière sur laquelle je ne peux émettre au¬

182 2928 698 51 cune opinion, pour la bonne raison que je

184 2963 703 56 n’entendis strictement aucun son, à tel

186 3000 701 54 point que je me demande encore s’il ne

189 3035 703 54 fit pas semblant de jouer, restant volon¬

184 3068 708 56 tairement en arrière-plan pendant toute la

182 3101 303 58 durée du concert.

186 3147 708 56 J’ai toujours aimé la musique d’Archie

184 3189 705 49 Shepp qui demeure pour moi l’une des

186 3224 703 54 valeurs les plus sûres du nouveau jazz. le

189 3262 703 51 ne l’avais pas entendu en direct depuis

191 3292 698 56 son mémorable concert au Judson Hall, à

189 3332 705 53 New York, en décembre 1964, qui m’avait

189 3369 698 47 très favorablement impressionné, dans

186 3399 701 56 l’ensemble. A l’American Center, il a joué

189 3437 700 56 une musique d’une grande maturité, où le

191 3474 698 49 déchirement et le cri obéissaient toujours

189 3507 703 53 aux exigences internes de la progression

189 3542 703 51 du discours. Cette musique est un prolon¬

191 3579 701 58 gement logique de la tradition du jazz, dont

189 3616 703 52 elle conserve le swing. le souci du con¬

189 3649 698 54 traste, de la cohérence, de l’équilibre

191 3684 698 51 même dans les audaces les plus pous¬

189 3717 703 58 sées. Shepp a compris cette chose essen¬

189 3752 700 60 tielle qui semble échapper encore à bien

191 3791 701 56 des musiciens d’avant-garde : c’est qu’une

196 3826 696 56 musique constamment paroxystique finit par

193 3861 699 56 être lassante. Dans son style actuel qui

191 3896 698 56 semble évoluer vers une simplicité relative

191 3931 701 54 et un rapprochement encore plus prononcé

193 3969 696 53 de ces sources du jazz qui ont toujours

191 3999 705 84 été au centre de ses préoccupations, la

955 1194 709 87 PROCHAINS CONCERTS

966 1344 698 67 9 décembre (20 h 30) : Centre Culturel

964 1390 693 59 Américain (3, rue du Dragon, Paris-6e)

964 1428 700 56 André Condouant (g) avec Art Simmons

966 1467 56 54 trio

969 1502 700 66 16 décembre (20 h 30) : Centre Culturel

962 1544 707 61 Américain Frank wright et Noah Howard

964 1589 133 51 Quartet.

962 1626 707 61 AMERICAN CENTER, 261, bd Raspail, ren¬

964 1666 689 56 seignements : Mme Rachel Jones. Tél.

962 1703 569 56 ODE. 99-92. Places : 15, 18, 20 F.

964 1740 710 66 10 décembre à 21 h : le quintet de Bobby

962 1789 72 52 Few.

964 1831 707 61 17 décembre à 21 h : Drums Clinic avec

964 1878 275 54 Philly Joe Jones.

962 1948 275 58 SALLE PLEYEL

962 1997 698 68 11 décembre à 21 h : Musicorama-Europe

964 2046 705 54 avec Thad lones-Mel Lewis Big Band,

964 2083 698 56 Jimmy Mc Griff, Freddy Hubbard, Guy La¬

962 2118 702 59 fitte et Jeremy Streig et leurs orchestres.

966 2165 703 54 15 décembre à 21 h : Thelonious Monk¬

964 2207 133 51 Quartet.

963 2275 697 87 LE PUBSY A ATHIS-MONS (91) de

966 2338 294 63 21 h 30 à 23 h 30

964 2368 551 63 12 décembre : John Lee Hooker.

959 2404 704 81 LE GRILLON, ROUSSIGNY-LIMOURS

963 2453 290 81 partir de minuit

966 2494 535 56 12 décembre : John Lee Hooker.

966 2536 698 63 LE TRIDENT A SAINT-SIMEON (77) de

970 2576 234 63 16 h à 18

969 2613 530 68 14 décembre : John Lee Hooker

962 2699 702 66 SALLE WAGRAM: LA NUIT DU JAZZ.

962 2755 478 59 LE SAMEDI 13 DECEMBRE

964 2839 707 63 CENTRE CULTUREL AMERICAIN, 3, rue du

962 2884 495 53 Dragon (6e). Tél. : 222-22-70.

966 2926 703 58 9 décembre à 20 h 30 : le trio Art Sim¬

966 2968 654 60 mons et le guitariste André Condouant.

969 3010 698 58 16 décembre à 20 h 30 : Frank Wright

964 3054 135 54 Quartet.

962 3131 644 68 CENTRE CULTUREL DE NANTERRE:

966 3208 705 56 19 décembre à 20 h 30 : Siegfried Kessler.

971 3248 432 58 Barre Phillips, Stu Martin.

966 3292 703 54 TEP. (Théâtre de l’Est Parisien, 17, rue

966 3334 355 61 Malte-Brun, Paris-20e)

964 3378 647 59 Mardi 9 décembre : les Soft Machine.

966 3427 708 56 Mardi 23 décembre : New Orleans Christ¬

966 3467 283 58 mas Jazz Parade

964 3649 707 65 force demeure aussi présente que dans le

966 3696 708 58 passé, et obéit plus que jamais à une mo¬

969 3733 702 56 tivation émotionnelle profonde qui donne à

969 3770 583 56 sa sonorité une poignante densité.

969 3831 709 49 Ce que joua Shepp ce soir-là écrasa tous

971 3866 703 51 les autres musiciens, à l’exception de

971 3899 703 56 Philly Joe lones qui se montra tout à fait

978 3941 467 58 à la hauteur de la situation.

964 3997 717 70 Roscoe Mitchell joue assez peu au cours

1735 1138 712 59 du premier concert et ce que j’entendis de

1742 1180 700 61 lui ne m’impressionna pas beaucoup. Par

1739 1211 708 60 contre, Cal Massey fit preuve d’un remar¬

1739 1250 705 56 quable contrôle de sa pensée et se révéla

1742 1288 705 56 un trompettiste attachant, assez proche de

1744 1327 177 56 Bill Dixon.

1742 1369 709 52 Grachan Moncur me fit une bonne Impres¬

1742 1407 707 51 sion, de même que Malachi Favors qui est

1739 1439 705 54 capable de faire des choses étonnantes

1742 1474 702 59 sur sa contrebasse et que j’aurals aimé

1739 1514 563 56 entendre plus longuement en solo.

1737 1551 710 61 Au piano, Arvanitas se montra très effi¬

1742 1598 702 54 cace: ses facultés d’adaptation à des

1746 1633 703 54 styles divers et sa grande connaissance

1744 1668 705 51 de l’instrument ont fait de lui l’un des pro¬

1739 1703 708 54 fessionnels les plus demandés de France.

1739 1740 705 54 Reste Don Byas, dont la verdeur, pour un

1739 1775 708 54 homme de sa génération, mérite d’être si¬

1739 1813 708 53 gnalée. Il fit des efforts méritoires pour

1739 1845 708 59 participer aux événements et s’en tira

1742 1887 383 56 d’une façon honorable.

1742 1929 707 52 Ce premier concert fut si bref que le pu¬

1737 1962 705 56 blic protesta et refusa d’évacuer la salle.

1744 1999 703 59 ll y eut une longue période de confusion

1744 2039 705 54 et de chaude discussion, puis quelqu’un

1746 2074 703 49 eut une idée de génie : - Vous pouvez

1739 2107 708 51 rester, dit-il au public, mais ayez la gen¬

1739 2142 705 51 tillesse de vous lever et de céder les

1742 2174 707 61 places assises aux personnes qui ont payé

1742 2216 700 54 leur place pour le deuxième concert ".

1744 2249 698 56 Cette solution sembla satisfaire tout le

1739 2282 710 53 monde et le deuxième concert put enfin

1742 2319 709 51 commencer. Disons tout de suite qu’il fut

1739 2354 708 54 encore meilleur que le premier, malgré la

1742 2389 707 56 participation bien fade du saxophoniste

1744 2429 707 51 ténor Hank Mobley. Un blues sur tempo

1739 2459 710 54 rapide permit à tout le monde de s’expri¬

1742 2496 707 54 mer abondamment, mais c’est encore

1742 2531 705 56 Shepp qui fut de loin le meilleur. Certains

1744 2569 703 53 vous parleront de Roscoe Mitchell qui

1746 2604 705 53 obtint des applaudissements enthousiastes

1744 2639 707 51 lorsqu’il tira de son alto des sons sur¬

1742 2674 709 53 aigus, mais j’avoue qu’il ne m’a pas con¬

1742 2709 707 56 vaincu. Dans la musique de Shepp, de tels

1744 2748 707 49 sons ont toujours été fréquemment em¬

1742 2781 709 56 ployés, mais correspondent le plus souvent

1746 2816 703 54 à une nécessité de sa démarche créatrice :

1744 2853 707 49 ils sont amenés et Shepp sait fort bien en

1746 2886 705 56 faire ressentir l’urgence. Par contre, chez

1744 2919 707 60 Roscoe, j’ai eu, ce soir-là, l’impression

1746 2958 376 56 d'une certaine gratuité.

1751 3000 705 59 le le trouval bien meilleur à la flôte, où

1749 3045 705 51 il prouva qu’il pouvait contrôler sa pensée,

1746 3080 495 53 et s’exprimer avec éloquence.

1749 3124 707 54 le ne vois pas grand-chose à ajouter au

1749 3166 705 47 sujet des autres musiciens, sinon qu’ils

1749 3196 702 59 jouèrent avec ferveur et surent maintenir

1756 3231 700 56 le concert à un niveau très satisfaisant.

1753 3269 698 51 Shepp et Massey aiment visiblement la

1746 3304 708 53 bossa-nova, qu’ils jouent d’une manière

1746 3341 708 49 bien différente de celle des Brésiliens.

1756 3371 698 54 « Quiet dawn», bossa nova très agréable

1749 3411 705 54 de Massey, fut donc jouée et lonquement

1751 3446 700 54 rejouée. Il y avait dans cette musique un

1746 3479 708 51 climat d’excitation rythmique subtile et dé¬

1746 3514 710 51 contractée qui favorisa l’invention mélo¬

1746 3551 705 54 dique de la plupart des musiciens. Le pu¬

1746 3586 705 61 blic apprécia et le concert s’acheva dans

1751 3621 271 51 la joie générale.

1751 3668 698 53 Il fut, parait-il, prolongé par un - bœuf»

1753 3710 703 49 du pianiste Bobby Few, dont Maurice Cul¬

1751 3742 698 59 laz pense le plus grand bien et que je

1749 3782 343 54 regrette d’avoir raté.

1746 3812 708 63 Shepp et son équipe comptent prolonger

1751 3864 703 49 leur séjour à Paris. Ne manquez pas

1746 3896 710 54 l’occasion d’écouter en direct ce grand

1749 3929 509 68 musicien sincère et passionné !

2120 3987 338 70 Gerald MERCERON.

2398 4053 56 58 15
