2550 4200
171 1085 711 101 CHAT OUI PECHE: Sonny Muray (dms)

171 1151 711 70 Bab Guerin et Norris lones (b), Bobby

171 1193 711 63 Few et Dave Burreli (p), Frank Wright et

175 1228 704 67 Byard Lancaster (saxes), Grachan Moncur

178 1263 522 70 Ill (tbn). Le 2 novembre 1969.

175 1347 711 91 Depuis un an, mojs pour mois, on peut

175 1407 707 66 dire que Sonny Murray a fait abondam¬

182 1442 700 66 ment, parler de lui, à la suite de son pas¬

182 1477 704 66 sage salle Pleyel et de ses différentes

178 1515 704 67 prestations à Paris. Il existe toujours une

182 1550 704 63 certaine polémique, ayant pour sujet ses

178 1589 704 63 qualités de drummeur, savamment entre¬

182 1613 704 74 tenue par ses admrateurs et par ses dé¬

182 1659 704 63 tracteurs; le temps a passé, Sonny a eu

185 1694 701 66 l’occasion d'enregistrer à Paris un album

185 1732 701 56 très représentatif de sa musique et parti¬

185 1764 704 66 culièrement important dans l'histoire du

185 1802 701 60 jazz; à l’occasion de son retour, il sem¬

185 1816 704 88 ble que cette fois-oi ll ait ralle autour de

189 1872 700 60 lui un plus grand nombre d’avis favora¬

185 1904 704 66 bles, et cela n’est que justice. Il est vrai

185 1946 701 59 qu’entre temps les amateurs de jazz ont

189 1981 697 59 eu de nombreuses occasions de se fami¬

185 2009 701 70 ariser avec cette nouvelle musique grâce

189 2030 700 80 aux nombreuses experiences des mus

185 2082 708 63 ciens français, d’Alan Silva et autres amé¬

182 2124 707 56 ricains de passage, et au très grand

185 2156 704 63 nombre de disques parus cette année en

185 2191 704 63 France. Au Chat qui Pêche, je dois dire

189 2226 697 66 que j'al assisté à une séance, qui telles

189 2264 697 60 que celles de Dolphy ou de Don Cherry

185 2296 701 63 et Gato Barbieri, il y a quelques années

189 2313 700 88 m'a liuéralement sidere, Je n'avais ne

189 2369 690 63 entendu de si énorme depuis bien long

185 2387 701 77 temps et je ne comprends quère que l’or

185 2439 701 60 veuille encore comparer la musique créés

182 2464 700 73 par le groupe de Murray à celle définie

182 2506 704 66 par les règles du -hard bop"; en effet

189 2527 700 84 plus que la succession de solie, couvent

189 2583 697 59 monotones et ronronnants (suivant l’enver.

189 2618 693 63 gure du récitant) sur une base rythmique

185 2653 697 59 qui a progressé. Il est vral, depuis Parker

192 2670 694 84 Il s'agit la d'une mmprovisation collectre

189 2726 693 56 d’où se dégagent parfois certaines accen

189 2737 690 84 matons couites par les protagonistes

189 2775 697 81 Sonny Murray dirige l’ensemble de facon

189 2831 697 60 admirable et ses qualités de chef, d’orga¬

189 2863 697 59 nisateur et de compositeur sont indénia

185 2894 701 63 bles ; moins passionnantes, ses interven,

185 2933 701 63 tions en solo sur lesquelles effectivement

192 2971 694 60 si l’on devait le juger sur la technique de

185 3006 701 60 batterie classique. Il y aurait beaucoup à

185 3017 704 87 dise! Mais pour tout ce que lar entende

196 3076 690 63 et vu ce soir-la, rien de comparable avec

185 3090 701 84 les techniques d'her l ll n'y a pas un seu

185 3146 701 63 musicien qui ne soit à sa place ! Chacur

185 3181 701 60 est indispensable dans ce contexte mu¬

189 3216 697 63 sical: F. Wright et B. Lancaster sont tous

189 3251 697 56 deux assez fantastiques ! Grachan Mon¬

189 3286 697 67 cur IIl toujours à l’aise dans les ensem¬

182 3325 704 63 bles, nous gratifia d’une belle composition

189 3360 697 59 inspirée du blues ; les pianistes sont peut

189 3398 697 60 être les éléments les plus passionnants

192 3430 694 66 individuellement et notamment B Fev

189 3465 697 63 aura été une révélation pour moi ! Seuls

185 3500 701 59 les bassistes, comme toujours dans telle

185 3538 701 60 ambiance, sont difficilement audibles! I

192 3570 680 66 se pose maintenant la question suivante

185 3591 697 73 dans un cabaret traditonne! du type Sam

185 3622 701 81 German-des-prés cette formule d’ur. Or.

185 3668 704 73 chestre » Free: est elle viable a long

185 3713 701 63 terme? En effet il faut bien reconnaitre

189 3748 697 63 que, si ce genre d’orchestre, fait actuel¬

192 3790 694 60 lement l’unanimité, dans les milieux

185 3811 701 74 d’avant-garde parisiens (le succes commer

189 3853 697 67 cial de S. Murray au Chat est indéniable).

189 3888 697 63 les données du spectacle auxquelles nous

189 3923 697 67 étions habitués sont quelque peu bouscu¬

192 3941 697 164 Bee dure Bea Be le mesce oscene

1071 1155 466 182 CABARIIS

987 1347 641 81 QLUE NOTE. 27, mue d'Anois (89) BAL 1882

991 1396 641 67 Changement de propriétatre. Programme nou

998 1435 161 66 communiqué

991 1470 637 77 CAMELEON, 57, rue Saint-Andre-des-Arts (68

998 1522 630 56 DAN. 64-40. Consommation : 16 F. Tous le

994 1550 634 63 soirs de 22 h à 2 h. Fermé mardl. Programm

994 1561 231 87 non communique

991 1624 644 73 CAVEAU DE LA RUCHETTE, S, rue de la Hu

1001 1669 627 60 chette (Se). DAN, 65-05. Consommation 9° f

994 1683 641 77 Tous les soirs de al h 30 à 1 h 30. Jusqu’at

994 1732 638 67 15 : les Swinguers; du 16 au 31 : Mamn

994 1764 91 59 Saury.

994 1795 641 84 CAVEAU DE LA MONTAGNE, 18, rue bes

1001 1844 641 67 cartes (S.). ODE. 62-39. Consommation 10 f.

998 1886 644 60 leudi, vendredi, samedi de 22 h à 2 h. Orches¬

994 1914 242 70 tres New Orleans

998 1946 630 84 CHAT QUI PECHE, A. Ne de la Hucheute (Se

994 1984 641 77 bAN. 2206. Consommation 15 F. Tous les

991 2016 644 80 50is de 22 h à 3 b. ferme mercredl Gracha

998 2068 469 63 Moncur IIl quartet (sous réserve)

994 2107 638 73 LA CIGALE, 124. bd Rochechouart (18). Tél.

998 2152 637 63 MON 59-29. Consommation 4 F et 6 F. Tous

1001 2184 627 63 les soirs de 21 h 30 à 2 h. Fermé le leud

994 2198 435 80 Senny Waters et son orchestre

994 2254 641 77 cuus CIUS. 7 Tue Samnte-Crow-de-la Bre

1001 2299 610 63 tonnerte (4e). L'OU. 05-95. Consommation. 12

998 2310 630 84 Suaiane 1o pofo les Sois de Sen2

998 2355 637 70 Ferme le dimanche. En semaine (sous re

1005 2397 630 63 serve) : Jusqu’au 12; trio Georges Arvanttas

1001 2429 631 56 du 15 au 31 : Dizzy Reece et le trio Roques

1001 2457 634 59 Pour quelques jours, non déterminés : S. Kes

1001 2471 610 77 Per Bare Bhinps Sur Marin Le samea

998 2499 641 80 quintet loseph hemharde avec Viian Cloton

998 2530 641 91 Simenche 15 he lan seistone avectle rre

1001 2586 123 63 P. Galas

994 2628 617 74 LIVING ROOM, 25, rue du Colsée (ee) Tét

998 2649 637 84 EIVE 55 Consommanton 1S E. Tous les oi

1005 2684 634 84 de 22 h a A he Ferme le dimanche. Art sim

1005 2740 392 60 mons trio et Aaron Bridgers

998 2772 630 77 RIVERBOAT, 67, rue Sant-André-des-Ans (6.

998 2821 634 63 Sans télephone. Consommation 10 F. Soirée d

1015 2835 624 77 22 h à 2 h. leudi quintet Marc Richard. ave

1001 2866 631 74 Miliène (oc) Vendredi Mowoll lospin an

998 2915 634 60 live at five: samedi : les Blue sounds d

1005 2922 637 91 A grompere (orque) dmancne ls Rer quarte

994 2957 165 81 À Bonche-

998 3027 616 70 SLOW CLUB, 130, rue de Rwvoh (1en), Téle

1001 3045 634 80 GUT 84 s0 Consommattons 13 et iS f. rou

1008 3097 627 60 les soirs de 21 h 30 à 1 h 30 Fermé le lundi

994 3104 648 88 Omenche (matnèe à 18 fo Mare Laferriel.

998 3164 294 59 et les N.O.-Stompers

1001 3202 620 70 TROIS MALLETZ, 56, rue Galande (8), rél,

994 3223 641 81 65e oois Csnsonmaton 18 s. raus les Si.

1001 3262 638 77 de 22 h a 2 h. Ferme le lundi. Orchestre

1005 3311 634 63 Cl. Guilhot. Alain Hatot. Attraction Lou Ben

1005 3342 38 67 net

998 3384 634 70 ROMEO CLUB. 71. bd Saint-Germain (ge

994 3409 645 80 226-1890 Consommanon e F. Tous les jeudt

994 3461 645 60 à partir de minuit : le Big Band de Claude

1001 3496 130 70 Cagnasso

994 3535 379 91 CABARETS EN PROVINCE

998 3598 627 80 LE NEWTS TIMES, 179, route d'Avlgnon, Nime

1001 3629 638 84 10) Oichesires de Jaz tous les Candeeu.

998 3664 525 84 Et sameds soirs. Consommation 10 b

994 3706 648 81 Les organsateurs de concerts, les directeurs

1005 3755 630 63 de cabarets en province, les organtsmes cul

1001 3787 627 59 turels et les lazz club sont pries d’adresse

1001 3811 634 67 eurs programmes complets avant le 15 de

998 3850 637 59 chaque mois, pour parution dans lazz-Hot le

1012 3881 627 63 nois suivant, à Gérard Terronès, 22, rue

994 3892 452 91 Daviel. Paris-iy, Tel. 492618r

1737 1081 707 95 rement demente du moment et aussl par

1733 1148 711 66 les nouvelles attitudes des musiciens . New

1740 1179 708 70 Thing -, envers ce public un tantinet dé¬

1737 1221 704 63 passé par les événements et qui fréquente

1737 1256 704 63 habituellement ce genre d’établissement.

1737 1291 704 63 L’avenir nous dira si l’ensemble des ama¬

1740 1323 701 66 teurs, encore sensibilisé par les vedettes

1737 1344 707 84 en renom des années passées, marchera

1737 1396 704 67 dans la direction optée par Sonny Murray,

1737 1428 707 70 Espérons également, que l’engouement du

1740 1470 701 63 moment, ne soit pas une simple mode

1744 1484 704 87 En attendant tout amateur ne peut rester

1737 1540 704 63 insensible à cette fureur de jouer des mu¬

1740 1578 704 60 siciens, à cette masse sonore qui déterle

1740 1610 701 59 sur l’auditoire et a cette nouvelle esthé¬

1744 1648 340 70 tique de la musique

1807 1746 574 91 CHAT-OULPECHE: DON BVAS

1807 1813 571 87 et le trio de Gaorges Arvantas

1740 1893 386 88 Le 11 novembre 1969

1744 1974 707 77 Il y avait quatre années que je n’avals

1740 2019 708 70 pas entendu D. Byas à Paris. On ne peut

1744 2061 704 63 guère parler d’évolution dans sa manière

1751 2075 700 84 de jouer et pourtant Don, comme du tempe

1747 2128 701 70 de la grande épopée du «Be-Bop-. se

1744 2163 704 66 retrouve encore à la pointe de l'avant-

1744 2201 707 67 garde. Compagnon de Parker et Glllespie

1744 2236 704 67 (ne l’avait-on pas nommé l’éminence grise

1747 2271 704 63 du -Bop-7), le voici de nouveau melé

1744 2310 704 70 aux musiciens qui actuellement révolution¬

1747 2345 211 73 nent le lazzl

1744 2394 707 73 Au plano : Bobby Few, à la basse : Didier

1744 2439 704 70 Levallet: aux drums : Sonny Murray ! Blen

1751 2457 700 84 sor ces tois musiciens ne se sont pas

1747 2513 704 63 lancés dans un - Free » à tout casser, mais

1744 2548 707 66 ont plutôt respecté les formes musicales

1744 2586 697 63 de ce grand monsieur qu’est Don Byas

1744 2618 704 66 celui-ci ne recule devant rien ; pour lut. Il

1747 2656 701 67 importe plus de jouer et de se - défoncer r.

1747 2691 701 67 que de se retourner pour dire au pianiste

1744 2712 704 77 de fare les fondamentales s et au pat¬

1744 2761 707 67 teur de tenir le tempol Souriant, detendu,

1747 2796 704 67 improvisant sans relâche, toujours avec

1747 2817 701 81 cet enorme et beau son qui a fait sa

1744 2870 704 63 renommée. Don m’a paru plus jeune que

1744 2898 711 70 jamats et particulièrement sensible au bouil¬

1744 2940 711 66 lonnement d'idees qui existe en ce moment

1747 2975 701 66 à Paris; il devait d’ailleurs donner un

1747 2989 704 87 concer le lendemain a l’American Center

1744 3045 704 66 en compagnie d'.. Archie Shepp! Voila un

1747 3080 708 66 musicien qui, s’il n’apporte rien de nouveau

1744 3118 707 63 comme saxophoniste ténor, bien que son

1747 3153 701 63 influence ait été assez considérable dans

1747 3188 701 63 le passé, a pour le moins suivi l’évolu¬

1747 3202 704 84 fon normate du lazz actuel Ses admira¬

1747 3262 701 63 teurs d’antan le regretteront peut-être, et

1744 3297 704 59 toute critique mise à part sur sa façon

1744 3325 704 70 de jouer en ce moment, je crois qu’'il était

1747 3363 704 70 bon de souligner ce fait Bobby Few est

1744 3402 704 66 certamement, avec Dave Burrell, le pianiste

1747 3430 704 70 qui m'a le plus intéresse ces derniers

1740 3451 708 84 Omps et dans ce contente -Hard Bop

1740 3507 708 63 il apportait vraiment une note très person¬

1744 3542 704 63 nelle: Didier Levallet, à l’aise en si bonne

1740 3577 708 66 compagnie, assurait un tempo qui, je dois

1740 3615 704 67 l’avouer, n’était pas toujours bien régulier

1740 3647 701 66 du côté de Sonny Murray; il faut pluto

1744 3664 704 88 luger celur-ci Coir mon compte rendu du

1744 3703 704 84 2 nov) sur sa musique et son groupe. En

1740 3755 704 67 definitive, une soirée assez stimulante pour

1744 3787 704 70 l'amateur curieux, avec, bien sûr, les dé¬

1740 3829 708 59 fauts de toute jam session, mais aussi une

1737 3864 707 63 belle leçon à tirer pour ceux qui souffrent

1740 3899 288 63 de -sectarisme .

2119 3941 325 94 Gerard TERRONES.

2399 4004 45 91 17
