2550 4200
518 1757 378 65 par Pierre CRESSANT

191 1829 701 58 Certainement un des meilleurs, sinon le

189 1869 558 51 meilleur, des Paris Jazz Festivals

191 1922 696 56 Le 28 octobre : Maurice Cullaz et Alexan¬

189 1964 691 56 dre Rado ont souvent célébré, dans ces

193 1999 689 56 colonnes, les mérites de la vaillante pha¬

191 2034 694 47 lange constituée par François « Frick»

189 2065 696 60 Guin et qui a nom « Les Swingers ». !

189 2100 700 58 nous faudra donc, au risque de nous ré¬

191 2142 698 53 péter, dire une fois de plus qu’il s’agit

196 2177 693 53 d’un des meilleurs orchestres réguliers que

193 2212 696 56 notre pays ait connus. C’est un orchestre

193 2249 696 54 qui, déjà, possède un son, un « sound », et

193 2282 699 51 dont l’individualité est suffisamment affir¬

193 2324 694 44 mée pour qu’on l’identifie dès les pre¬

196 2354 689 56 mières mesures de n’importe quel thème

193 2389 696 51 « Frick » lui-même a déjà beaucoup d’ex¬

191 2422 701 58 périence et sait mener un orchestre. C’est

191 2461 696 52 un excellent soliste et arrangeur. Badini a

193 2496 694 52 un cœur magnifique, Chambon un drive

196 2534 693 56 irrésistible et la rythmique carbure admi¬

196 2566 161 59 rablement

198 2604 694 67 Il y a vraiment quelque chose de mysté¬

196 2653 700 46 rieux chez Sarah Vaughan. « La Divine »

196 2688 698 49 n’a cessé de s’améliorer depuis ses pre¬

193 2718 706 56 miers enregistrements historiques avec

196 2758 693 53 Charlie Parker et Dizzy Gillespie. Elle a

198 2790 696 56 toujours cette prodigieuse technique vo¬

198 2830 703 49 cale, cette musicalité suprême qui fait que

193 2858 703 54 les musiciens la considèrent comme une

193 2898 703 53 musicienne (avant de la cataloguer comme

196 2935 698 56 chanteuse), sans oublier ce charme et cette

196 2970 700 56 classe légendaires. Mais elle est comme

198 3010 698 46 un grand cru, elle s’améliore à mesure

196 3042 394 54 que les années passent

193 3080 708 67 Notre ami Maurice Cullaz, qui s’entretenait

959 1757 710 53 après la prestation de «La Divine », avec

966 1799 698 49 des musiciens américains, voulant expri¬

966 1829 701 58 mer ce qu’il ressentait, en plein accord

966 1869 698 56 avec ses interlocuteurs, cherchait le mot

966 1904 698 56 adéquat. Tout à coup, deux ou trois des

966 1939 701 53 interlocuteurs trouvèrent ce mot... au même

969 1976 695 51 moment... « She is more mellow... » De¬

969 2011 700 54 mandez à Griffin ce qu’il en pense. Bien

969 2046 700 51 entendu, les coupeurs de cheveux en quatre

971 2081 698 51 qui hantent les coulisses rivalisaient de

966 2114 701 56 louanges à l’égard de la chanteuse mais

971 2151 698 54 faisaient des réserves sur ses accompa¬

969 2186 698 56 gnateurs... probablement parce qu’il s’agis¬

969 2223 700 54 sait de trois musiciens blancs inconnus du

969 2261 702 51 public des amateurs mais non de musiciens

966 2293 703 52 américains. Quand on sait avec quels soins

971 2328 703 52 minutieux Sarah choisit elle-même ses

969 2363 700 54 accompagnateurs, un tel jugement peut

969 2398 700 56 paraître... peu fondé. Mais rassurez-vous,

969 2433 700 59 John Weith est un merveilleux pianiste qui

1015 2468 656 54 fait « le bœuf », ensuite, au «Living

971 2506 705 53 Room » et qui a emballé tous les musi¬

973 2538 698 54 ciens qui se pressaient, cette nuit-là, dans

971 2571 703 56 l’enceinte du célèbre club, ainsi que Daniel

969 2608 705 54 Humair et Gilbert Rovère, qui jouèrent avec

971 2646 700 51 lui. Quant à Gus Mancuso, c’est un contre¬

969 2678 707 59 bassiste qui joue à la fois avec beaucoup

971 2718 703 54 de rigueur et de sensibilité, un musicien

976 2753 700 51 accompli, bien connu des musiciens amé¬

969 2786 705 56 ricains de la Côte Ouest, tout comme le

969 2823 385 56 drummer Edward Pucci

973 2872 705 54 Lionel Hampton a beaucoup déçu. Ce pro¬

973 2909 701 52 digieux improvisateur donne le meilleur de

976 2942 700 58 lui-même soit devant une grande forma¬

973 2979 703 59 tion swingante et bien rodée, soit avec

976 3014 700 56 une excellente rythmique. Il me souvient

978 3054 698 49 de l’époque où il était venu, à Paris, avec

973 3089 698 58 Quincy Jones. Clifford Brown. Art Farmer,

1742 1626 702 56 James Cleveland, Gryce. Ortega, etc. Tous

1739 1661 701 56 ces musiciens étaient toujours étonnés.

1742 1698 702 52 stupéfaits, bouleversés parce que faisait

1742 1731 700 56 Lionel, à chaque concert, sur une ballade

1739 1768 705 52 ou un standard en tempo lent. Mais l’or¬

1746 1801 698 54 chestre amené par Lionel à Pleyel semblait

1742 1836 700 54 être réuni depuis une heure ou deux. Il

1744 1873 700 54 n’y avait certainement eu aucune répéti¬

1747 1900 694 67 tion et le moins qu’on puisse dire c’est

1742 1981 707 56 (d’ailleurs bien meilleur comme premier

1744 1946 703 51 qu’à l’exception de Wallace Davenport,

1744 2016 703 53 que comme soliste) et de Mackel, l’or¬

1742 2051 705 53 chestre était d’une affligeante médiocrité.

1744 2086 703 51 lamais le chef ne trouva la bonne carbu¬

1744 2118 703 54 ration et les exhibitions qu’il fit à la bat¬

1746 2158 705 54 terie, au piano ou vocalement manquaient

1744 2195 703 49 totalement de conviction. Au vibraphone, ce

1746 2226 705 53 fut mieux mais ce ne fut jamais le grand

1744 2263 581 56 soliste que nous connaissons bien

1751 2312 703 56 Le 1er novembre : Michel Sardaby, Pierre

1746 2352 701 56 Sim et Philippe Combelle passèrent en

1744 2387 705 51 première partie. Excellent trio, très rodé

1749 2422 700 53 et jouant, cependant, avec beaucoup d’en¬

1753 2459 694 54 thousiasme. Michel a vraiment pigé le

1751 2492 698 53 « truc »... le « truc bluesy, funky, churchy ».

1751 2527 703 58 Ses compositions sont très bien construites

1751 2562 700 53 et tout ce qu’il écrit est fait pour être

1746 2599 703 49 swingué. Succès très mérité de ces sym¬

1751 2634 703 61 sympathiques et talentueux musiciens fran¬

1751 2674 68 60 cais

1753 2718 703 54 Au cours de son premier concert, Duke

1749 2753 702 56 Ellington ridiculisa, une fois de plus, ceux

1751 2793 705 51 qui depuis quelques années, déjà, essayent

1753 2823 701 51 de faire croire que « l’orchestre n’est plus

1751 2860 698 54 ce qu’il était... que Duke s’en fiche un peu »

1756 2898 280 51 et autres idioties

1749 2935 709 63 L'orchestre sonne superbement, les sec¬

1749 2977 705 56 tions » marchent » comme un seul homme

1751 3014 703 52 et la rythmique : Rufus Jones. Victor Gas¬

1749 3049 705 54 kin et... le chef lui-même... est d’une sou¬

1746 3082 633 65 plesse et d’une intelligence admirables

591 1148 1177 199 INFORMATIONS

301 1617 1240 129 LE PARIS JAZZ FESTIVAL

1938 1402 495 124 Concerts

2414 4036 40 59 11
