2550 4200
102 107 1014 103 L’Archéologie à l’avant-garde

109 217 1079 63 C’est Beaver Harris, Robin Kenyatta, Grachan Moncur et Mala¬

112 259 1071 65 chi Flavors qui ont inauguré, à l’Institut d’Art et d’Archéologte.

115 287 1068 73 3 rue Michelet (derrière le Luxembourg), à Paris, une série

107 331 1074 58 de mantfestations sous l’égide de deux professeurs d’esthétique

114 366 1069 54 à la Sorbonne, Mme Clancy et M. Tesseidre et de quelques¬

109 403 1074 61 uns de leurs élèves, dont l’enthousiasme et l’allant souleveraient

109 441 428 53 des chaines de montagne

109 478 1074 58 Ce fut ensuite au tour de l’A.A.C.M., et de l’Art Ensemble de

107 522 962 56 Chicago de se produire à l’Institut d’Art et d’Archéologie.

107 567 1074 49 Le dernier en date des concerts de la rue Michelet (rassurez¬

107 599 1072 63 vous, il y en aura beaucoup d’autres) a eu lieu devant un public

107 630 1069 65 nombreux, singulièrement connaisseur et vibrant d’enthousiasme

107 676 1069 63 Les musiciens : Frank Wright au saxo ténor. Noah Howard à

107 711 1069 63 l’alto, Bobby Few au piano, Earl Freeman à la contrebasse

105 751 1076 63 Mohamed Ali à la batterie. Vraiment une élite, le dessus du

105 791 418 49 panier du jazz moderne.

109 828 1072 63 Beaucoup de musiciens dans la salle : ceux de l’Art Ensemble

109 868 1072 56 de Chicago, Burton Greene, Sam Rivers, Jimmy Lyons, Andrew¬

109 903 526 58 Cyrille et bien d’autres encore.

105 942 1076 54 Bobby Few a littéralement  «tué» les musiciens qui se pres¬

107 984 1074 54 saient sur la scène du Centre Culturel Américain du boulevard

105 1015 1071 56 Raspail, après le concert dont Merceron nous donne, dans ce

107 1054 689 59 numéro de  «Jazz Hot », un compte rendu

105 1094 1071 58 Pour ceux des amateurs qui ne le connaissaient pas bien, ce

105 1134 1076 49 fut une fulgurante révélation : « Mais c’est Art Tatum en per¬

105 1166 1074 59 sonne! » Et Don Byas et Hank Mobley, prêts à quitter la salle,

107 1206 1072 51 se précipitèrent sur leurs instruments (qu’ils avaient déjà remis

105 1241 1074 51 dans leurs étuis) pour « faire le bœuf » avec ce prodigieux pla¬

107 1281 1074 51 niste. Le soir même, Bobby Few jouait au « Chat-qui-pêche » et

105 1311 1074 54 ce fut comme une seconde révélation : « Mais c’est Cecil Taylor

105 1346 1074 58 avec une touche très personnelle... un autre Cecil Taylor!“ Un

107 1386 820 51 des trois ou quatre plus grands pianistes actuels

109 1418 1070 63 Frank Wright et Noah Howard, très différents l'un de l’autre,

105 1460 1076 52 sont capables de Jouer avec une violence inouie et aussi avec

105 1493 1076 56 un lyrisme contenu. Quant à Mohamed Ali c’est un des trois ou

105 1533 880 56 quatre meilleurs spécialistes de la batterie moderne

105 1568 1074 63 Les hommes de Frank Wright débutèrent par une œuvre d’une

107 1617 1069 53 extraordinaire violence dédiée aux deux ou trois cents étudiants

105 1652 1069 53 arrêtés à Paris, le jour même, lors des manifestations contre la

105 1687 1071 51 guerre au Vietnam. Déchainés, en transe, les deux saxopho¬

105 1717 1069 56 nistes poussaient de véritables hurlements dans leurs instruments

105 1757 1074 49 Bobby Few semblait extraire du clavier tout ce qu’on peut deman¬

102 1787 1074 56 der à un piano. Freeman jouait, comme un dément, sur toute

102 1824 1072 52 l’étendue de sa contrebasse, et Mohamed Ali donnait naissance

109 1862 925 53 à une tornade apocalyptique qu’il entretenait sans répit.

105 1906 1074 54 Ovations délirantes. Triomphe sans précédent. Pour terminer.

105 1939 1074 58 les cinq hommes jouèrent d’une façon lyrique, presque rêveuse,

105 1978 1074 52 dans une atmosphère presque religieuse, de recueillement et

105 2011 1071 58 d’apaisement. Ovations indescriptibles et rappels innombrables.

105 2048 1071 52 Bien entendu, une bonne partie des spectateurs devaient suivre

105 2083 1067 54 au « Chat-qui-Pêche » ces merveilleux musiciens, pour « en

102 2121 596 51 prendre, encore, plein les oreilles "

814 2158 367 58 Patrick CALLAGHAM.

108 2222 1065 123 (1) François Postis vient d'ailleurs d'interviewer pour « Jazz-Hot » Frank

108 2282 515 70 Wright, Noah Howard et Bobby Few.

1312 114 1053 103 Duke Ellington à Saint-Sulpice

1291 224 1074 74 Duke Ellington joua-t-il ou non de la musique « sacrée » à

1291 268 1079 63 Saint-Sulpice? La question ne me parait pas fondamentale.

1289 305 1078 63 d’autant que fidèles, liturgies et théologiens reconnaissent à

1289 340 1078 56 l’heure actuelle que l’art » sacré » est un leurre pour l’homme

1289 375 1081 63 du vingtième siècle (cf. le Père Bauche, in « La Mort de l’Art

1289 413 691 63 Sacré», dans la revue Image Nouvelle).

1289 457 1081 51 La présence de l’orchestre du Duke en une église parisienne

1286 490 1081 56 vient plutôt de ce que le clergé et les fidèles chrétiens recher¬

1286 527 1084 58 chent des moyens d’expression « vivants » pour animer le lieu

1291 564 469 52 de rencontre qu’est l’Eglise.

1286 606 1086 61 Duke a-t-il répondu à cette attente ? Partiellement, bien sûr, car

1286 646 808 56 personne ne peut nier la vitalité de son orchestre

1286 688 1079 61 Mais le concert que Duke nous a donné (façon de parler,

1291 728 1074 49 car 30 F est cher payé pour certaines zones de l’église Saint-

1286 760 1081 54 Sulpice où l’on voyait mal et entendait de même) a été incon¬

1286 795 1081 59 testablement raté. Pour deux ou trois réussites — en général

1289 830 1078 54 les pièces chantées par Alice Babs — beaucoup de composi¬

1286 865 1079 56 tions très moyennes, l’orchestre n’a pas bénéficié d’un seul

1289 905 1074 54 arrangement évoquant les chefs-d’œuvre du Duke. Les Swingle

1284 938 1081 56 Singers, ou bien chantèrent à l’unisson ce qui était harmonisé

1284 975 1083 54 pour l’orchestre, ou bien exécutèrent des interludes » néo-clas¬

1286 1008 1079 60 siques » dont le swing était complètement absent. Une seule

1289 1047 1071 54 pièce intéressante, qui m’a semblé être une sorte d’Ave Maria.

1286 1085 1079 53 Le « voicing» évoquait celui d’une section de saxophones et

1289 1115 665 54 l’on reconnaissait la - patte » du Duke.

1284 1155 1083 56 Du côté du franchement mauvais, citons l’Aria sur la Corde de

1289 1194 1078 59 Ré, d’après J.-S. Bach, chanté très approximativement (du point

1289 1234 1074 49 de vue de la justesse) et avec un goût douteux (rappelant lean¬

1284 1262 1079 61 Christian Michel) par les Swingle Singers. Citons aussi Tony

1284 1304 1081 54 Jackson, abominable -crooner », Billy Eckstine de banlieue, qui

1291 1339 1074 54 a autant de rapport avec un chanteur de gospel qu’une mobylette

1286 1374 1074 54 avec un Bœing 707. Hélas! Cat Anderson également nous

1286 1411 1074 54 évoqua les plus mauvaises heures de l’orchestre de Lionel Hamp¬

1286 1444 1079 56 ton à l'Olympla (sur fond de claquement de mains à contre¬

1282 1479 1081 49 temps de l’assistance, solo interminable dans le suraigu sans

1284 1516 1079 52 aucune motivation musicale). Bref, hors de quelques bons pas¬

1284 1551 1079 54 sages, une prestation extrêmement décevante du Duke, malgré

1289 1586 1071 54 le talent de certains de ses solistes (Hodges, Gonzalvès, Cootie

1284 1624 1072 51 Williams); un travail d’arrangement bâclé de la part du Duke

1286 1659 1077 56 qui n’a pas su tirer le parti lyrique extraordinaire (au sens littéral

1284 1694 1074 53 du mot) qu’un orchestre de jazz peut obtenir en jouant dans

1284 1731 1076 49 l’église, en tant que lieu et symbole de rassemblement humain.

1286 1773 1077 56 A l'heure où le jazz a besoin de retrouver auprès du grand

1284 1808 1083 56 public une solide assise populaire, ce n’est pas avec ce concert

1284 1845 1079 54 que l’on remontera la pente, malgré l’incontestable succès de

1282 1878 546 61 curiosité que le Duke a remporté

2141 1915 226 68 JEF GILSON.

1286 1985 1074 63 P.-S. — Duke nous a aussi donné son témoignage à propos de

1286 2030 1077 56 la « liberté » (Freedom). Cela vient malheureusement après Max

1282 2065 1078 51 Roach, Charlie Mingus et tant d’autres, qui ont su prendre en

1284 2100 1076 53 leur temps une attitude courageuse que le Duke s’était bien

1286 2132 1077 61 gardé de manifester. (Ce qui, bien entendu, n’a rien à voir avec

1284 2170 1076 58 le talent du Duke. On peut être grand bourgeois et grand musi¬

1282 2205 1078 53 cien, comme, au contraire, révolutionnaire et maladroit musica¬

1282 2242 1081 61 lement. Il n’y a pas de loi en ce domaine; l’esprit souffle où

1289 2279 137 59 il veut !)

100 2492 1081 65 Au cours d’un gala qui vient d’avoir lieu à l’Alcazar ( la boite

102 2541 1079 49 la plus in de Paris) — gala organisé par l’Union des Artistes

102 2576 1072 56 et au profit des œuvres de cette association — on a fêté le

102 2613 818 56 soixante-dixième anniversaire de Duke Ellington.

100 2655 1079 61 A cette occasion, Maurice Chevalier a rendu un hommage public

102 2695 1074 58 au grand chef d’orchestre et lui a remis un de ses célèbres

102 2732 157 54 canotiers.

102 2772 1079 63 Partie spectacle, on a pu voir tous les artistes, et notamment

102 2818 1072 54 les danseurs et danseuses de l’Alcazar, accompagnés par l’or¬

100 2851 486 58 chestre de cet établissement.

100 2886 1076 65 Partie purement musicale : les Haricots Rouges, les Swingers.

100 2935 1076 61 des - bœufs - par Raymond Fol. Claude Bolling et George Wein.

100 2970 724 147 et l'orchesre de Duke au grand complet

102 3033 54 96 14

1279 2485 1084 72 Il faut vraiment entendre cette formation en cabaret pour se rendre

1282 2538 1078 59 compte de son exacte valeur. Jamais nous n’avions entendu l’or¬

1282 2573 1076 61 chestre sonner et swinguer d’une façon aussi enthousiasmante.

1282 2611 1076 58 lamais Cootie, Cat Anderson, Hodges. Carney, Paul Gonsalvès,

1282 2646 1078 56 Procope. Norris Turney, Harold Ashby, Wild Bill Davis et les

1282 2681 1076 56 autres ne nous ont paru plus inspirés, plus brillants, plus pres¬

1282 2716 1076 56 tigieux. Ake Persson prit huit ou dix merveilleux choruses sur le

1282 2751 1076 60 blues. Quant au Duke, il fut plus que jamais la classe, la noblesse,

1286 2786 591 56 la royauté et la musicalité incarnées

1279 2821 1081 56 Parmi les Français, François « Frick » Guin, Xavier Chambon

1289 2858 1069 72 et Gérard Badini, bien soutenus par leur excellente rythmique.

1279 2893 297 51 firent le - tabac ¬

1279 2926 385 65 Une soirée moubliable.

2283 2954 84 99 J.H.

294 2396 1749 72 A L’ALCAZAR, LES SOIXANTE-DIX ANS DE DUKE ELLINGTON
