2480 3185
2189 265 0 39 —

1322 369 49 48 Nous
1395 373 59 44 allons
1478 369 118 48 commencer
1617 368 49 48 notre
1690 372 52 44 étude
1767 378 24 38 sur
1815 378 21 38 les
1860 378 77 38 choines
1961 366 174 50 stéréophoniques
2156 368 27 47 par
2208 370 14 45 un
2246 371 48 44 petit
2315 374 32 41 en¬

1321 406 65 39 semble
1412 406 80 38 proposé
1514 406 27 38 par
1565 406 8 37 la
1599 406 65 37 maison
1693 406 80 36 EUROP'
1797 406 115 36 CONFORT
1939 406 5 35 à
1966 406 56 35 Paris,
2049 406 13 34 et
2083 406 24 34 sur
2131 406 65 34 lequel
2217 406 21 33 (en
2268 406 85 33 considé¬

1321 435 39 48 rant
1380 435 23 47 son
1433 435 32 46 prix
1492 435 29 46 très
1544 435 39 45 bas)
1606 435 40 44 nous
1669 435 59 43 étions
1750 435 14 42 au
1793 435 105 42 démarrage
1924 435 36 40 sans
1983 435 33 39 trop
2042 435 85 38 d’idées.

1322 481 58 53 Mais,
1406 481 36 52 tout
1463 481 36 52 bien
1528 481 112 51 considéré,
1666 481 47 50 cette
1738 481 65 49 chaine
1828 481 76 49 devrait
1926 481 54 48 plaire
2009 481 7 47 à
2034 481 36 47 tous
2095 481 40 46 ceux
2164 481 25 46 qui
2211 481 79 45 veulent
2312 481 40 44 sim¬

1318 518 85 46 plement
1425 518 79 46 écouter
1526 518 44 46 leurs
1595 518 72 46 disques
1689 518 41 46 dons
1752 518 29 46 des
1806 518 107 46 conditions
1938 518 94 46 peut-être
2061 518 28 46 pos
2111 518 22 46 les
2155 518 123 46 meilleures,
2303 518 41 46 mais

1321 548 138 44 suffisamment
1481 548 146 44 confortables.

1320 592 29 41 Les
1372 592 58 42 seules
1453 593 63 41 choses
1539 593 114 42 chiffrables
1676 594 41 41 dans
1740 594 28 41 cet
1791 594 92 42 ensemble
1909 595 37 41 sont
1969 595 23 41 les
2012 595 109 42 suivantes:

1322 628 90 49 PLATINE
1440 628 21 42 DE
1485 627 94 48 LECTURE
1603 627 73 50 B.S.R,
1700 627 28 46 nue
1770 627 0 48 :
1818 627 25 50 210
1877 627 18 46 frs
1919 627 42 47 (prix
1989 627 86 47 pratiqué
2096 626 28 42 par
2148 626 7 48 la
2183 626 73 47 plupart
2280 626 24 46 des
2329 626 24 47 re¬

112 139 91 75 JAZZ
243 144 0 62 «
283 137 318 78 INFORMATIONS
641 150 0 59 ·
675 136 91 80 JAZZ
812 136 0 76 «
851 136 319 82 INFORMATIONS

116 281 47 46 POP
201 281 0 46 &
235 281 60 46 JAZZ
336 281 145 46 CONTEST

116 339 35 46 Les
186 340 0 46 5
225 340 19 46 et
273 341 0 45 6
311 342 164 45 septembre,
504 344 28 44 les
568 345 44 43 Jazz
651 346 54 43 Fans
744 347 57 43 Belin
840 348 150 43 organisent
1022 350 10 41 à
1061 351 115 41 Saintes¬

115 382 273 40 Maries-de-la-Mer,
417 385 11 37 le
471 385 107 39 premier
612 386 40 39 Pop
698 387 0 38 &
741 387 45 39 Jazz
826 388 120 40 Contest.

118 426 15 39 Le
174 426 126 40 concours
341 426 15 41 se
397 426 129 42 déroulera
567 426 19 42 en
624 426 78 43 public
740 426 9 43 à
781 426 132 44 l’intérieur
950 426 38 45 des
1026 426 88 46 arènes
1154 426 19 46 du

117 463 99 41 samedi
245 463 10 41 à
283 463 16 42 11
331 463 0 42 h
367 463 19 42 au
424 463 129 42 dimanche
588 463 9 42 à
623 463 93 43 l’aube.
742 463 9 43 Il
780 463 90 43 réunira
905 463 122 44 plusieurs
1065 463 106 44 dizaines

118 500 174 38 d’orchestres
329 501 16 37 et
380 501 18 38 de
436 501 136 39 musiciens
609 502 123 39 amateurs
770 502 37 39 qui
836 503 19 38 se
893 503 56 39 sont
981 503 53 39 déjà
1063 504 41 39 fait
1133 504 48 39 ins¬

116 536 68 39 crire.
214 537 63 39 Deux
316 537 19 39 ou
373 538 52 39 trois
461 538 148 39 orchestres
644 540 211 38 professionnels
891 541 38 38 qui
960 542 142 38 passeront
1135 543 47 37 évi¬

116 569 130 43 demment
281 572 52 41 hors
373 573 112 42 contest.

117 612 87 43 Quatre
243 613 144 43 catégories
426 613 36 43 ont
495 614 36 43 été
564 614 106 44 prévues
709 615 0 43 :
739 615 57 44 pop,
826 615 114 44 rhythm’n
979 616 0 44 a
1018 616 81 44 blues,
1132 617 42 44 jazz

1321 661 91 59 CELLULE
1440 661 68 57 SHURE
1532 670 51 47 4AMB

1323 708 67 47 SOCLE
1417 708 47 43 BOIS
1491 707 16 45 ET
1534 706 74 49 CAPOT

1930 661 92 36 vendeurs
2045 661 101 39 parisiens)

1772 669 0 51 :
1821 670 25 50 120
1882 672 18 48 frs
1921 674 32 46 (id)

1769 707 0 52 :
1797 708 47 51 -120
1879 709 18 48 frs
1922 710 72 46 environ

1321 744 44 46 soit,
1392 746 40 44 pour
1455 748 7 42 la
1492 749 54 41 partie
1573 743 46 47 table
1646 744 14 46 de
1690 746 67 44 lecture
1824 750 70 40 450frs

1323 798 73 40 Puisque
1424 799 45 40 cette
1497 799 64 40 choine
1587 799 22 40 est
1632 800 70 40 vendue
1727 800 14 40 qu
1769 800 59 40 détgil
1851 801 42 39 pour
1915 801 9 39 la
1952 801 59 40 somme
2039 802 14 39 de
2081 802 28 39 890
2142 802 59 39 francs
2227 802 106 40 complète,

1319 835 14 39 on
1361 835 42 39 peut
1426 835 39 39 donc
1493 835 14 39 en
1535 834 87 40 déduire,
1647 834 28 40 par
1698 834 14 40 un
1740 834 58 40 simple
1826 834 45 40 petit
1894 834 75 40 calcul,
1995 834 28 40 que
2051 833 162 41 l’amplificateur
2236 833 14 41 et
2272 833 23 41 les
2317 833 42 41 deux

1320 863 67 41 baffles
1413 863 39 41 vous
1474 863 124 40 reviendront
1620 863 6 40 à
1648 863 28 39 440
1713 863 70 39 francs,
1808 863 14 39 ce
1850 863 25 39 qui
1898 863 19 38 me
1945 863 65 38 semble
2035 863 34 38 très
2091 863 93 37 honnête.

1321 911 108 48 Détaillons
1452 911 118 48 maintenant
1596 912 124 47 l’ensemble.
1743 912 102 47 Composée
1871 912 13 47 de
1913 912 59 47 quatre
1998 912 105 47 éléments,
2126 913 46 46 cette
2198 913 65 46 chaine
2290 913 49 46 com¬

1319 945 67 47 prend:

1319 996 21 39 UN
1374 995 201 40 AMPLI-PREAMPLI
1598 995 218 40 STEREOPHONIQUE
1845 995 17 41 DE
1891 995 49 41 DEUX
1971 995 46 41 FOIS
2046 995 26 41 DIX
2103 994 84 42 WATTS,
2212 994 89 42 présenté
2321 994 41 42 dans

1318 1024 16 46 un
1362 1024 69 46 coffret
1453 1025 35 44 bois
1513 1025 44 44 (teck
1585 1025 13 44 ou
1623 1025 66 44 acajou
1717 1026 13 42 au
1758 1026 75 42 choix),
1859 1026 34 42 sous
1915 1026 66 42 façade
2009 1027 13 40 en
2050 1027 54 40 métal
2125 1027 104 40 aluminisé
2251 1028 19 38 où
2292 1028 9 38 se
2326 1028 48 38 trou¬

1320 1056 42 35 vent
1385 1056 22 36 les
1430 1056 76 37 boutons
1531 1056 14 37 de
1570 1056 121 39 commande,
1716 1056 79 40 répartis
1817 1056 65 40 comme
1907 1056 45 41 suit:

1321 1082 56 43 canal
1397 1082 85 43 gauche:
1503 1082 65 42 bouton
1594 1082 15 42 de
1635 1082 82 41 contrôle
1744 1082 26 41 des
1794 1082 76 41 graves,
1894 1082 64 40 bouton
1985 1082 15 40 de
2026 1082 82 40 contrôle
2135 1082 29 39 des
2185 1082 61 39 aigus,
2273 1082 67 38 volume

1509 1109 126 36 interrupteur
1660 1111 89 35 lumineuz

1321 1137 54 37 canal
1396 1137 48 38 droit
1480 1137 0 38 :
1501 1137 66 39 bouton
1594 1137 12 39 de
1633 1137 84 40 contrôle
1744 1137 27 40 des
1792 1137 76 41 graves,
1892 1137 66 41 bouton
1985 1137 15 42 de
2027 1137 81 42 contrôle
2135 1137 27 43 des
2183 1137 63 43 aigus,
2270 1137 69 44 volume

1322 1187 22 44 On
1370 1187 10 44 se
1409 1187 35 44 rend
1473 1187 67 44 compte
1569 1188 164 43 immédiatement
1755 1188 26 43 que
1810 1188 22 43 les
1855 1189 42 42 deux
1922 1189 71 42 canaux
2019 1189 29 42 ont
2070 1189 26 42 des
2118 1189 97 42 contrôles
2237 1190 87 41 séparés,
2346 1190 16 41 ce

1321 1219 29 42 qui
1377 1219 67 42 permet
1468 1219 99 41 d’adapter
1591 1219 20 41 les
1635 1219 88 40 rêglages
1744 1219 173 40 tonalité-volume
1943 1219 6 39 à
1973 1219 8 39 la
2008 1219 50 39 pièce
2087 1219 18 38 00̀
2128 1219 21 38 est
2172 1219 79 38 installé
2272 1219 26 37 cet
2322 1219 29 37 en¬

1321 1247 84 44 semble.

1322 1293 0 42 A
1354 1300 82 36 l'grrière
1464 1300 14 36 de
1506 1300 114 37 l’appareil,
1648 1289 21 49 les
1691 1300 42 38 deux
1761 1289 50 50 jacks
1832 1296 82 44 d’entrée
1942 1291 28 49 des
1992 1291 159 50 hout-porleurs,
2172 1295 32 47 une
2229 1297 43 45 prise
2296 1298 78 45 pick-up

1321 1330 81 44 piezzo,
1426 1330 27 43 une
1480 1330 42 43 prise
1549 1330 79 43 pick-op
1655 1330 135 42 magnétique.
1814 1330 36 42 Puis
1871 1330 42 41 deux
1940 1330 54 41 prises
2018 1330 27 41 DIN
2081 1330 43 40 trois
2145 1330 72 40 fiches,
2241 1330 27 40 qui
2292 1330 78 39 permet¬

1323 1357 37 37 tent
1382 1357 58 38 toutes
1465 1357 52 38 sortes
1541 1357 105 39 d’entrées:
1667 1357 62 40 radio,
1753 1357 169 41 magnétophone,
1947 1357 126 42 évidemment
2097 1357 92 43 pick-up,
2214 1357 15 43 et
2251 1357 135 44 microphone.

1323 1381 50 48 Ainsi
1397 1381 26 47 que
1450 1382 10 46 la
1487 1382 50 46 sortie
1564 1384 165 43 magnétophone,

1321 1436 43 41 UNE
1392 1436 58 41 TABLE
1479 1435 17 42 DE
1522 1435 92 42 LECTURE
1640 1435 23 41 sur
1686 1435 63 41 socle,
1772 1435 14 41 do
1815 1434 35 42 type
1879 1434 14 42 B.
1904 1434 44 42 S.R.
1973 1434 23 42 MA
2031 1434 37 42 70,
2091 1434 78 42 équipée
2198 1433 49 42 d’one
2275 1433 69 42 cellule

1320 1468 65 39 SHURE
1413 1468 14 39 44
1455 1467 36 40 MB,
1517 1467 28 40 qui
1567 1467 23 40 est
1612 1467 28 39 une
1668 1467 28 39 des
1719 1467 109 39 meilleures
1851 1466 67 40 petites
1941 1466 81 40 cellules
2044 1466 101 40 proposées
2168 1465 28 40 par
2221 1465 20 40 les
2266 1465 96 40 construc¬

1321 1496 45 39 teurs
1389 1496 15 39 en
1430 1495 80 40 France.
1536 1495 12 40 La
1576 1495 69 40 platine
1674 1495 109 40 elle-même
1809 1494 23 41 est
1855 1494 55 41 munie
1936 1494 14 41 de
1979 1494 34 41 tous
2039 1494 20 41 les
2082 1494 86 41 rêglages
2191 1493 95 42 suffisants
2309 1493 40 42 mais

1321 1523 129 42 nécessaires:
1473 1522 135 42 équilibrage,
1631 1522 95 41 pression,
1749 1522 141 40 anti-stating.
1913 1522 52 39 C’est
1988 1522 29 38 une
2042 1521 69 39 platine
2137 1521 6 38 à
2166 1521 104 38 changeurs
2293 1521 54 37 45/33

1322 1550 45 38 tours
1391 1550 24 38 (ce
1442 1550 27 38 qui
1491 1550 42 38 nous
1554 1550 0 38 a
1584 1550 81 39 toujours
1686 1550 72 39 semblé
1779 1550 30 39 être
1836 1550 31 39 une
1891 1550 69 39 hérésie
1990 1550 90 39 lorsqu’on
2107 1550 45 40 parle
2179 1550 15 40 de
2222 1550 162 40 houte-fidélité:

1323 1574 9 41 la
1358 1574 92 42 véritable
1476 1575 69 41 platine
1573 1576 46 40 hi-fi
1640 1576 23 40 n’a
1691 1577 49 40 qu’un
1769 1577 72 40 platequ
1869 1578 15 39 et
1904 1578 14 39 un
1944 1578 38 40 bras
2007 1579 0 39 -
2033 1579 15 39 et
2068 1579 51 39 coûte
2157 1580 135 39 extrêmement
2315 1581 63 38 cher).

1307 1625 13 45 En
1347 1622 80 48 réolité,
1454 1622 47 47 cette
1528 1630 66 39 platine
1621 1631 23 37 est
1668 1620 103 48 agréable:
1791 1622 10 46 le
1828 1624 37 44 bras
1885 1620 13 47 se
1922 1623 60 44 repose
2012 1620 30 47 très
2065 1621 114 45 doucement
2202 1622 24 44 sur
2249 1623 7 43 le
2282 1623 77 42 disque,

1308 1657 15 43 et
1344 1657 111 43 lorsqu’elle
1482 1657 21 42 est
1527 1657 36 42 bien
1591 1657 120 42 équilibrée,
1738 1657 30 41 elle
1795 1656 75 42 remplit
1891 1656 138 41 parfaitement
2050 1656 24 40 son
2101 1656 49 40 rôle,
2174 1656 36 40 bien
2237 1656 30 40 que
2294 1656 9 39 le
2330 1656 33 39 ma¬

1308 1688 54 42 tériel
1383 1687 75 42 anglais
1479 1687 0 41 a
1509 1686 82 42 toujours
1615 1686 27 41 une
1669 1685 81 42 certaine
1777 1685 93 41 tendance
1897 1685 6 40 à
1924 1684 54 41 ''tirer
1999 1684 24 40 sur
2047 1684 21 40 les
2092 1683 76 40 aigus''.
2192 1683 45 39 Mais
2261 1682 42 40 ceci
2324 1682 24 39 est

1305 1711 13 46 un
1346 1711 79 46 moindre
1453 1712 44 44 mal,
1519 1712 69 43 compte
1616 1712 38 42 tenu
1679 1713 15 41 du
1720 1713 34 40 prix
1779 1713 16 40 de
1820 1713 126 39 l’ensemble.

1310 1769 13 35 Le
1349 1769 37 35 tout
1409 1768 24 36 est
1453 1768 89 36 présenté
1563 1768 23 35 sur
1610 1768 13 35 un
1649 1768 47 35 socle
1724 1767 13 36 en
1764 1767 36 36 bois
1823 1767 66 36 assorti
1909 1767 14 35 au
1951 1766 42 36 reste
2019 1766 16 36 de
2061 1766 7 36 la
2097 1766 81 36 chaine,
2201 1765 102 36 recouvert
2324 1765 36 36 d’un

1306 1795 56 39 capot
1386 1795 12 39 en
1424 1796 98 39 plexiglas
1545 1796 118 41 légèrement
1687 1797 76 41 bleuté.

1308 1841 51 46 DEUX
1391 1841 129 46 ENCEINTES
1545 1841 186 45 ACCOUSTIQUES
1760 1842 35 43 d’un
1824 1842 68 43 volume
1921 1842 83 42 correct,
2030 1842 67 42 munies
2119 1843 84 40 chacune
2228 1843 39 40 d’un
2293 1843 51 39 haut¬

1307 1875 73 44 parleur
1404 1875 14 44 de
1446 1875 17 44 21
1484 1874 35 45 oms
1540 1874 14 45 de
1582 1874 104 46 diamètre,
1710 1874 14 46 et
1745 1874 39 46 d’un
1811 1873 77 47 tweeter
1912 1873 49 47 (haut
1982 1873 73 47 parleur
2079 1873 73 48 spécial
2173 1872 42 49 pour
2239 1872 21 49 les
2291 1872 73 49 aigus).

1306 1928 112 56 CRITI
1438 1928 36 57 QU
1506 1946 0 28 R

1308 1974 49 39 Nous
1381 1974 58 39 étions
1461 1974 48 39 assez
1536 1974 120 39 sceptiques,
1683 1974 64 39 comme
1774 1974 40 39 nous
1835 1974 43 39 vous
1902 1974 72 39 l’avons
1996 1974 24 39 dit
2041 1974 13 39 au
2084 1974 53 39 début
2161 1974 14 39 de
2202 1974 45 39 cette
2274 1974 67 39 étude,

1307 2003 24 37 sur
1354 2003 24 37 les
1401 2002 81 37 qualités
1506 2001 67 38 réelles
1597 2001 49 37 d’une
1675 2001 62 37 choine
1766 2000 86 37 proposée
1881 2000 5 36 à
1907 1999 55 37 moins
1985 1999 13 37 de
2024 1999 42 36 neuf
2089 1998 50 37 cents
2154 1998 71 36 francs,
2248 1998 16 36 et
2285 1997 83 37 complè¬

1311 2027 24 39 te.
1360 2027 14 39 En
1401 2027 79 39 réolité,
1505 2027 14 38 ce
1546 2027 28 38 qui
1595 2027 14 38 en
1636 2027 33 37 sort
1694 2027 22 37 est
1738 2027 33 37 fort
1793 2027 128 37 acceptable,
1949 2027 13 36 et
1984 2027 91 36 constitue
2102 2027 90 35 (toujours
2217 2027 68 35 compte
2313 2027 35 34 tenu

1308 2057 16 39 du
1349 2057 58 39 prix),
1434 2057 27 38 une
1486 2057 88 38 agréable
1601 2057 74 37 surprise
1703 2057 41 36 pour
1766 2057 27 36 nos
1815 2056 90 37 oreilles.
1930 2056 140 36 Evidemment,
2094 2056 14 35 on
2135 2056 22 34 est
2182 2056 22 34 ici
2226 2056 5 34 à
2253 2056 9 34 la
2289 2056 38 33 base

1308 2086 15 39 de
1352 2086 12 39 ce
1390 2085 30 40 que
1446 2085 38 39 doit
1505 2084 32 40 être
1564 2084 29 40 une
1620 2083 117 41 installation
1767 2083 26 40 qui
1817 2082 9 41 se
1852 2082 79 41 réclame
1958 2081 15 41 de
1999 2081 9 41 la
2034 2081 50 41 haute
2114 2080 88 42 fidélité,
2226 2080 14 41 et
2264 2079 44 42 c’est
2331 2079 15 42 un

1308 2110 35 46 mot
1365 2110 28 46 que
1418 2110 41 45 nous
1484 2110 95 45 n’aurions
1601 2110 28 44 pas
1651 2110 88 44 employé
1761 2110 41 43 pour
1824 2110 69 42 définir
1918 2110 25 42 cet
1968 2110 107 41 ensemble,
2100 2110 41 41 mais
2163 2110 41 40 dans
2226 2110 9 40 le
2261 2110 69 39 genre,

1311 2139 44 40 c’est
1379 2139 13 41 un
1420 2139 30 42 fort
1474 2139 28 43 bon
1529 2139 54 44 achat
1607 2139 7 45 si
1638 2139 41 46 vous
1703 2139 13 47 ne
1743 2139 82 48 disposez
1853 2139 27 39 que
1907 2139 51 44 d’une
1985 2139 58 45 somme
2071 2139 30 40 très
2125 2139 55 44 faible
2207 2139 41 46 pour
2272 2139 78 45 écouter

1310 2169 29 48 vos
1361 2170 87 45 disques.

1312 2218 44 41 Deux
1382 2218 62 41 points
1465 2218 111 41 cependant
1597 2219 41 39 nous
1662 2219 91 39 semblent
1776 2219 139 39 critiquables:
1935 2219 9 38 la
1970 2219 48 38 fiche
2044 2219 29 38 DIN
2109 2220 6 37 à
2135 2220 41 37 trois
2200 2220 76 36 broches
2291 2220 41 36 nous

1311 2251 63 36 semble
1401 2250 102 37 dépassée,
1530 2250 12 37 et
1567 2250 9 37 il
1597 2249 60 38 aurait
1681 2248 54 39 mieux
1762 2248 36 39 valu
1825 2247 96 40 employer
1942 2246 30 40 une
1999 2246 45 40 fiche
2071 2245 27 41 DIN
2135 2245 6 41 à
2162 2244 36 42 cinq
2225 2243 90 43 broches,
2339 2243 30 43 qui

1309 2279 0 38 a
1338 2279 91 38 tendance
1455 2279 8 37 à
1484 2278 78 38 devenir
1583 2278 79 37 normale
1688 2278 23 36 sur
1735 2278 7 36 la
1771 2278 73 36 plupart
1868 2278 26 35 des
1917 2278 76 35 amplis.
2019 2277 73 35 D’autre
2118 2277 49 35 part,
2191 2277 23 34 les
2238 2277 99 34 enceintes

1308 2305 163 41 demanderaient
1493 2305 12 40 un
1530 2304 77 41 tweeter
1628 2304 74 41 d’aigus
1726 2304 13 40 de
1766 2304 96 40 meilleure
1889 2304 84 40 qualité;
1994 2304 46 39 c’est
2065 2304 6 39 la
2099 2303 55 40 partie
2182 2303 55 40 faible
2262 2303 15 39 de
2305 2303 46 39 cette

1310 2335 82 43 chaine,
1417 2335 22 43 les
1461 2335 50 43 aigus
1533 2335 76 44 passant
1631 2335 31 44 trop
1691 2335 126 44 faiblement.

1311 2383 161 55 CONCLUSION

1312 2424 53 44 Après
1389 2424 37 44 tout
1447 2424 16 43 ce
1490 2424 28 43 que
1543 2424 43 43 nous
1607 2424 68 43 venons
1699 2424 34 42 d’en
1761 2424 49 42 dire,
1834 2424 16 42 et
1871 2424 28 41 qui
1920 2424 43 41 reste
1991 2424 52 41 quand
2071 2424 52 40 même
2145 2424 122 40 négligeable
2295 2424 68 39 compte

1310 2457 36 39 tenu
1376 2457 48 39 (pour
1448 2457 9 39 la
1484 2456 0 40 x
1511 2456 15 40 et
1547 2456 70 40 unième
1644 2456 42 40 fois)
1707 2456 15 40 du
1749 2456 33 40 prix
1809 2455 30 41 fort
1863 2455 99 41 abordable
1989 2455 15 41 de
2031 2455 45 41 cette
2104 2454 81 42 chaine,
2209 2454 42 42 nous
2272 2454 69 42 devons

1310 2484 120 40 reconnaitre
1456 2483 29 40 que
1514 2483 8 40 le
1548 2483 133 40 constructeur
1704 2482 0 40 a
1729 2482 35 40 fait
1787 2482 11 40 un
1827 2482 38 40 réel
1888 2482 54 39 effort
1962 2481 43 40 pour
2028 2481 87 40 proposer
2138 2481 5 39 à
2166 2480 98 40 l’amateur
2290 2480 49 39 jeune
2365 2480 14 39 un

1312 2513 91 36 ensemble
1431 2513 86 35 composé
1540 2512 112 36 d’éléments
1675 2512 15 35 de
1718 2512 74 35 qualité
1815 2511 15 35 (la
1858 2511 68 35 platine
1954 2511 28 35 BSR
2010 2510 46 36 n’est
2079 2510 139 35 certainement
2241 2509 28 35 pas
2292 2509 28 35 une

1310 2542 47 43 vraie
1380 2541 68 43 platine
1474 2541 59 42 hi-fi,
1556 2541 42 41 mais
1621 2540 32 42 elle
1680 2540 47 41 tient
1747 2540 9 40 sa
1785 2539 50 41 place
1862 2539 56 40 parmi
1941 2539 21 39 les
1985 2538 68 40 bonnes
2076 2538 82 39 platines
2182 2538 35 38 d’un
2243 2537 33 38 prix
2302 2537 38 37 plus

1312 2565 27 44 que
1366 2564 145 44 raisonnable),
1535 2564 6 42 à
1562 2564 27 42 des
1613 2564 109 42 conditions
1746 2563 117 41 financières
1887 2563 30 40 très
1942 2563 111 39 agréables.

1312 2617 50 42 Nous
1385 2617 135 42 continuerons
1544 2617 14 41 en
1585 2617 100 41 septembre
1714 2617 68 40 l’étude
1808 2617 15 40 du
1849 2618 88 38 matériel
1958 2618 29 38 bon
2014 2618 73 38 marché
2108 2618 29 37 par
2161 2618 26 37 une
2213 2618 47 37 autre
2287 2618 79 36 chaine;

1311 2650 27 41 aux
1368 2649 84 42 environs
1476 2649 15 41 de
1518 2648 36 42 1000
1581 2648 57 42 francs
1662 2647 72 43 détail.
1758 2647 45 42 Mais
1827 2646 58 43 d’ores
1909 2646 15 43 et
1945 2645 51 44 déjà,
2023 2645 39 43 nous
2086 2644 78 44 pensons
2185 2644 30 44 que
2242 2644 21 43 les
2284 2643 42 44 gens
2350 2643 27 44 qui

1312 2678 9 38 se
1350 2677 100 39 laisseront
1470 2677 61 38 tenter
1554 2677 25 38 par
1605 2677 6 38 la
1640 2676 54 39 petite
1723 2676 63 38 chaine
1815 2675 69 39 B.S.R.
1910 2675 28 39 que
1964 2675 40 39 nous
2027 2674 72 39 propose
2128 2674 63 39 Europ'
2214 2673 89 40 Confort,
2326 2673 37 39 s’ils

1310 2705 40 39 sont
1372 2704 110 40 conscients
1504 2704 12 40 au
1543 2703 108 41 démarrage
1675 2703 28 41 que
1731 2703 12 41 ça
1771 2703 46 41 n’est
1841 2702 13 42 en
1881 2702 55 42 aucun
1964 2702 28 42 cas
2013 2701 37 43 leur
2071 2701 83 43 dernière
2182 2701 64 43 chaine
2274 2700 0 44 -
2302 2700 12 44 et
2335 2700 16 44 qu

1311 2733 20 41 ils
1354 2733 77 42 devront
1455 2733 116 42 économiser
1595 2733 53 43 pour,
1671 2733 41 43 dans
1735 2732 93 45 quelques
1848 2732 80 45 années,
1955 2732 10 46 se
1992 2732 60 46 mettre
2079 2732 6 39 à
2105 2732 7 44 la
2142 2732 47 46 vraie
2212 2732 60 46 hi-fi,
2296 2732 50 46 n’qu¬

1312 2763 37 40 ront
1373 2763 26 43 pas
1423 2763 7 44 à
1453 2762 10 44 le
1486 2762 104 47 regretter.

1992 2802 90 51 François
2101 2800 74 54 POSTIF

1313 2859 95 54 (CHAINE
1437 2857 71 58 STEREO
1541 2853 81 63 2xIOw.
1646 2858 109 60 complàte,
1779 2857 29 62 820
1841 2850 62 65 francs
1926 2850 38 62 chez
1993 2866 67 50 Furapi
2079 2854 90 63 Confort,
2197 2848 15 68 87
2235 2850 15 57 bd
2273 2854 19 53 de
2316 2858 29 49 5é¬

1311 2901 100 55 bastopol,
1438 2900 46 51 Paris
1507 2900 27 55 2.)

112 668 117 26 moderne
267 668 20 27 et
317 668 273 29 Nouvelle-Orleans.

115 693 37 44 Les
187 693 163 46 inscriptions
385 694 110 46 peuvent
523 695 151 46 s’adresser
706 696 15 45 au
759 696 161 46 Secrétariat
951 697 38 46 des
1023 697 73 46 Clubs
1130 698 47 46 Jazz

118 725 55 55 Fans
213 726 79 54 Belin,
323 727 123 52 Infoplan,
478 729 35 50 66,
545 729 31 50 rue
616 730 233 52 Pierre-Charron,
881 733 59 55 Paris
984 734 48 52 (8e).

120 893 121 62 ANNECY

117 966 126 49 L’Annecy
281 966 42 49 Jazz
361 956 76 59 Action
474 957 114 58 annonce
626 955 0 60 :
655 965 9 50 le
702 960 0 55 4
740 960 71 55 juillet
841 957 0 58 :
870 963 9 52 le
916 957 101 58 Dharma
1055 957 127 58 Quintet;

113 1005 10 44 le
162 1005 20 45 25
221 1006 0 44 :
249 1006 31 45 les
318 1007 42 44 Hot
391 1007 129 46 Swingers
558 1008 17 45 et
607 1009 86 45 encore
732 1010 55 45 sous
826 1010 97 47 réserve
965 1011 0 46 :
996 1012 10 45 la
1044 1012 129 47 formation

115 1047 17 42 de
171 1047 59 48 Buck
266 1047 122 43 Clayton,
414 1047 82 45 Buddy
536 1047 65 48 Tate.

119 1088 21 42 Au
182 1088 48 43 Jazz
269 1089 52 42 Club
366 1089 18 42 de
426 1089 12 43 la
480 1090 42 42 MJC
573 1090 154 43 Marguisats
769 1091 9 42 le
823 1091 36 43 24,
889 1092 30 42 les
961 1092 42 42 Hot
1040 1092 144 43 Swingers,

113 1125 13 44 le
164 1125 0 44 5
198 1125 72 45 juillet
302 1126 9 44 à
339 1126 19 44 17
393 1127 103 44 heures,
525 1127 75 44 X-tet,
625 1128 53 43 J.M.
707 1128 81 44 Boutin
829 1129 16 43 et
876 1129 28 43 M.
933 1129 100 44 Capello

116 1166 19 47 Le
171 1166 47 47 Jazz
254 1166 54 47 Club
348 1166 36 48 AJA
423 1166 37 48 est
488 1166 91 48 ouvert
608 1166 18 48 au
665 1166 83 48 Poulet
781 1166 7 48 à
821 1166 83 48 Gogo,
933 1166 86 49 mardi,
1048 1166 137 49 vendredi,

116 1210 99 44 samedi
245 1210 48 44 soir
329 1210 18 44 et
380 1210 130 44 dimanche
552 1210 162 44 après-midi.

116 1422 464 71 NEWS-ORLEANS-NEWS

117 1555 58 46 Pour
205 1550 191 52 commémorer
425 1555 11 47 le
477 1551 33 51 70e
539 1551 169 52 anniversaire
748 1559 19 44 de
803 1551 67 52 Louis
910 1551 161 53 Armstrong,
1097 1551 85 53 l’Afaj¬

115 1597 20 48 no
174 1597 115 47 organise
328 1598 10 44 le
377 1599 99 43 samedi
505 1599 0 41 4
545 1599 72 40 juillet
653 1600 49 47 1970
741 1601 56 44 sous
836 1601 7 43 le
882 1601 105 42 kiosque
1023 1602 10 39 à
1062 1602 112 38 musique

114 1636 20 39 du
167 1636 53 39 Parc
252 1636 156 40 Montsouris
440 1636 86 41 (Métro
561 1636 0 41 :
588 1636 53 41 Cité
667 1636 191 42 universitaire)
885 1636 9 42 à
917 1636 71 42 partir
1017 1636 18 42 de
1070 1636 18 43 16
1120 1636 0 43 h
1153 1636 20 43 30

117 1670 17 39 un
173 1670 102 40 concert
308 1671 76 40 public
419 1671 18 40 et
469 1671 282 42 (malheureusement)
784 1672 99 42 gratuit,
910 1672 56 43 avec
1001 1672 9 43 le
1051 1673 123 43 concours

116 1705 21 37 de
177 1705 123 38 plusieurs
335 1705 147 39 orchestres
519 1706 124 40 parisiens
680 1706 20 40 de
740 1706 44 40 jazz
818 1706 175 42 traditionnel.
1022 1707 20 41 En
1083 1707 34 42 cas
1157 1707 18 42 de

115 1746 75 39 pluie,
212 1746 29 39 les
273 1746 163 39 spectateurs
468 1746 19 38 et
514 1746 80 38 autres
626 1746 163 38 participants
824 1746 53 38 sont
901 1746 86 38 invités
1019 1746 8 37 à
1053 1746 19 37 se
1104 1746 75 37 munir

119 1778 17 37 de
172 1778 47 38 leur
245 1778 127 39 parapluie
404 1779 21 39 ou
460 1779 18 39 de
513 1779 47 40 leur
587 1779 58 41 ciré.
672 1780 24 40 Si
719 1780 56 41 vous
810 1780 47 41 êtes
890 1780 132 43 intéressé
1049 1781 38 42 par
1116 1781 59 43 cette

118 1813 189 40 manifestation
340 1814 112 39 insolite,
477 1814 57 40 nous
567 1815 55 39 vous
655 1815 156 40 conseillons
844 1816 19 39 de
899 1816 102 39 prendre
1036 1816 39 40 dès
1107 1817 75 39 main¬

115 1845 86 53 tenant
234 1845 101 52 contact
367 1846 55 50 avec
461 1846 199 50 l’Association.
692 1847 58 47 Vous
790 1848 115 46 recevrez
945 1848 57 45 alors
1042 1848 18 44 en
1100 1849 76 43 temps

118 1884 50 48 utile
207 1885 50 46 tous
292 1886 28 44 les
359 1886 228 53 renseignements
626 1888 102 46 voulus.

116 2053 40 49 Les
192 2053 155 50 Mississipix
387 2063 36 40 ont
456 2052 86 52 donné
571 2059 40 45 une
651 2064 57 41 série
748 2056 22 49 de
809 2055 116 51 concerts
965 2054 54 52 dans
1058 2057 8 49 le
1105 2059 69 48 cadre

117 2098 38 46 des
194 2098 112 46 Tréteaux
338 2099 20 45 de
393 2099 103 44 France.
525 2100 41 43 Ces
602 2100 147 43 spectacles
781 2101 109 42 produits
926 2101 38 41 par
993 2101 93 41 Marthe
1122 2102 61 40 Mer¬

118 2135 84 38 cadier
241 2135 54 39 sont
334 2135 36 39 des
412 2136 117 40 concerts
574 2136 142 41 d’initiation
761 2136 111 42 destinés
914 2136 39 43 aux
995 2137 96 43 enfants
1136 2137 39 44 des

119 2169 81 42 écoles
239 2170 18 41 et
288 2170 81 42 lycées
405 2170 21 42 de
465 2171 15 41 10
516 2171 9 42 à
555 2171 18 42 15
609 2171 55 43 ans.
691 2172 39 42 Les
766 2172 138 43 musiciens
940 2173 148 43 expliquent
1121 2174 54 43 avec

115 2210 138 39 simplicité
286 2209 106 40 l’origine
437 2209 18 40 du
497 2209 45 41 jazz
581 2209 18 41 et
635 2209 9 41 le
686 2209 153 42 mécanisme
884 2208 46 43 d’un
975 2208 144 44 orchestre.
1155 2208 18 44 Le

115 2245 76 44 public
228 2245 57 44 peut
319 2246 94 44 ensuite
454 2246 72 44 poser
564 2246 38 44 des
639 2246 132 44 questions
812 2247 15 43 et
862 2247 113 44 engager
1009 2248 10 43 le
1059 2248 113 43 dialogue

118 2280 56 43 avec
210 2282 168 41 l’orchestre.

117 2317 21 52 Le
173 2317 75 52 Bottle
290 2317 114 52 System,
435 2317 128 52 orchestre
602 2317 120 52 dixieland
761 2317 18 52 de
818 2317 120 52 l’Alcazar
974 2317 103 52 projette
1116 2317 67 52 d’en¬

117 2362 119 42 registrer
272 2362 20 43 un
331 2362 102 46 disque.

155 2401 17 42 Le
213 2398 95 46 célèbre
349 2395 123 49 drummer
509 2395 62 50 Zutty
611 2396 127 49 Singleton
778 2397 191 49 pratiquement
1003 2402 119 45 paralysé
1157 2399 17 48 de

117 2447 48 37 tout
194 2447 11 37 le
242 2447 54 38 côté
328 2447 59 38 droit
416 2447 0 38 a
453 2447 27 38 dû
512 2447 88 38 cesser
633 2447 37 39 son
707 2447 113 39 activité.

120 2477 39 46 Bob
198 2477 78 47 Vatel,
301 2478 103 47 pianiste
439 2478 85 48 jouant
553 2478 56 49 dans
641 2478 11 50 le
687 2479 53 49 style
776 2479 21 50 de
833 2479 46 50 Fats
914 2479 89 51 Waller
1031 2480 18 51 se
1084 2480 99 52 produit

116 2521 51 40 tous
210 2521 29 40 les
279 2521 148 42 dimanches
471 2522 44 41 soir
555 2522 7 42 à
596 2522 176 44 l’Ascot-Bar,
803 2522 38 44 66,
875 2522 32 45 rue
954 2523 232 46 Pierre-Charron,

119 2555 58 53 Paris
218 2558 51 50 (8e).

121 2594 87 51 Claude
246 2595 66 50 Luter
343 2596 21 49 et
392 2597 38 48 son
468 2597 129 48 orchestre
635 2599 87 46 seront
750 2600 10 45 le
798 2600 18 45 11
851 2601 72 44 juillet
955 2602 10 43 à
996 2602 49 43 Vic,
1069 2603 11 42 le
1122 2603 17 42 12
1174 2604 10 41 à

122 2632 48 44 Ville
202 2633 112 44 Prunier,
337 2634 9 43 le
385 2634 13 44 15
430 2635 9 43 à
465 2635 83 45 Vichy,
571 2636 10 44 le
616 2636 16 44 25
667 2637 161 45 Crévecœur
853 2638 16 45 et
898 2639 93 45 ensuite
1023 2640 164 46 vacances...

113 2675 14 44 le
163 2675 17 44 23
223 2674 53 46 août
308 2674 18 46 au
372 2673 96 48 Tréport
499 2673 18 48 et
549 2672 11 50 le
599 2672 17 50 29
655 2672 11 50 à
698 2671 110 52 Arques.

117 2714 73 51 Maxim
236 2715 73 50 Saury
340 2716 52 48 sera
423 2717 11 47 le
469 2717 0 47 2
500 2717 59 47 août
583 2718 11 45 à
618 2718 76 45 Serré
719 2719 17 44 et
764 2719 10 44 le
806 2720 17 43 29
858 2720 10 42 à
893 2720 80 42 Gacé.

119 2755 110 55 Sharkey
280 2756 48 54 joue
379 2757 47 54 tous
477 2757 28 48 les
552 2758 134 55 vendredis
737 2759 47 52 soir
828 2760 122 53 (quartet,
989 2761 103 50 samedi
1135 2762 43 48 soir

120 2799 157 67 (orchestre)
313 2799 14 55 au
369 2799 97 56 Caveau
507 2800 19 49 de
562 2800 14 64 la
613 2800 152 68 Montagne,
798 2800 32 63 18,
857 2800 33 60 rue
931 2801 157 63 Descartes,
1116 2801 60 65 Paris

119 2834 53 55 (5e).

788 2888 154 70 Jean-Pierre
981 2885 208 71 DAUBRESSE.

141 3031 29 59 40

642 2985 0 66 *
