2480 3177
127 123 1 51 —
182 123 11 50 le
228 108 61 64 crois
323 100 36 71 que
394 108 11 62 la
439 100 111 69 musique
585 102 21 65 de
640 97 61 69 Riley
730 103 72 61 plaira
836 90 122 73 d'emblée
992 90 36 70 aux
1062 90 127 69 amateurs

132 169 19 39 de
190 168 57 40 jazz.
276 166 103 41 Surtout
408 166 9 40 à
446 165 55 41 ceux
539 164 35 41 qui
603 163 20 42 ne
658 162 54 43 sont
744 162 39 42 pas
818 160 103 43 hostiles
959 160 10 43 à
998 159 9 43 la
1046 157 141 45 pop-music

131 203 75 49 quand
252 202 40 47 elle
337 201 33 47 est
409 199 141 47 inventive,
586 198 92 45 comme
727 197 56 43 celle
829 196 19 42 de
897 194 89 43 Daevid
1035 193 79 41 Allen,
1153 192 39 40 par

132 243 109 41 exemple
277 242 46 39 (qui
351 241 32 39 est
413 239 124 40 d’ailleurs
569 238 20 38 un
621 236 71 40 grand
728 235 44 39 ami
799 235 19 38 de
854 233 87 39 Riley).
969 232 24 38 De
1029 231 8 38 la
1075 229 110 39 musique

130 278 22 37 de
195 276 58 38 Terry
293 275 77 39 Riley,
398 274 21 39 on
459 273 77 40 serait
567 271 64 41 tenté
665 271 19 40 de
727 270 40 41 dire
810 268 83 43 qu’elle
936 267 0 43 «
972 265 108 44 swingue
1123 265 15 43 ».
1172 264 22 44 Si

133 314 15 37 ce
193 313 63 38 n’est
289 312 37 38 pas
371 311 18 38 du
431 310 90 39 swing,
554 309 63 39 c’est
653 307 103 41 quelque
798 306 75 41 chose
915 305 39 41 qui
987 305 18 40 en
1048 304 57 41 tient
1141 303 57 41 lieu.

135 350 97 38 Comme
277 349 18 37 La
338 347 79 38 Monte
467 346 74 37 Young
586 345 18 36 et
642 344 46 36 bien
733 342 107 37 d’autres
883 339 137 38 musiciens
1063 338 20 36 de
1129 337 58 36 cette

132 384 164 44 avant-garde
331 384 0 40 «
360 381 178 43 underground
572 381 18 39 »,
615 380 61 39 Terry
705 379 60 39 Riley
797 378 0 38 a
831 376 153 40 commencé
1009 376 38 36 par
1076 375 66 36 jouer
1170 374 18 36 du

130 422 45 42 jazz
211 421 72 42 avant
316 420 18 41 de
373 418 97 43 trouver
503 418 18 41 sa
560 417 45 41 voie
644 414 159 43 spécifique.

133 483 0 44 —
187 481 26 52 Ce
255 480 38 47 que
335 479 38 53 l’on
411 478 0 45 a
453 476 103 54 entendu
598 475 12 43 à
644 472 133 54 Amougies
819 471 27 54 n’a
888 470 38 53 pas
968 467 137 55 convaincu
1146 465 51 54 tout

121 515 20 48 lle
181 517 122 46 monde...

132 565 0 41 —
188 561 8 50 Il
228 555 136 59 s’agissait
396 558 48 52 d’un
484 552 176 58 malentendu.
692 552 29 55 Ce
760 552 85 54 n’était
877 552 40 51 pas
961 552 60 51 Terry
1061 552 56 48 Riley
1157 552 40 45 qui

129 606 79 47 jouait
236 604 53 46 mais
324 603 38 45 des
396 601 135 46 musiciens
566 599 106 44 français
707 598 38 41 qui
773 595 138 43 donnaient
939 594 38 40 une
1011 592 98 40 version
1143 591 54 38 per¬

134 639 110 40 sonnelle
278 638 66 40 d’une
379 637 19 40 de
432 636 35 41 ses
501 634 116 43 œuvres.
643 633 69 43 C’est
740 633 19 42 un
793 632 38 43 peu
866 631 91 43 comme
991 630 16 43 si
1032 629 38 44 l’on
1108 628 88 45 portait

135 676 19 38 un
195 674 129 39 jugement
359 673 36 37 sur
433 671 88 38 Parker
559 670 16 38 en
619 667 121 40 écoutant
778 667 0 37 «
822 664 107 40 Parker's
972 663 66 38 mood
1082 662 0 38 »
1126 660 71 39 inter¬

134 708 71 50 prété
234 707 38 48 par
304 707 18 47 un
358 706 61 47 autre
455 704 138 47 musicien.
619 703 21 44 La
675 702 112 44 musique
823 701 21 41 de
879 700 62 41 Riley
976 699 35 40 est
1040 698 71 40 aussi
1140 697 58 38 éloi¬

1759 144 143 74 RADIO

1709 213 117 58 FRANCE
1870 211 142 58 MUSIQUE

1338 271 41 50 LES
1423 264 200 56 CLASSIQUES
1663 270 28 48 DU
1734 262 61 55 JAZZ
1834 261 66 56 (tous
1936 271 28 45 les
2000 263 76 52 jeudis
2111 258 21 56 de
2171 260 17 54 23
2227 264 9 49 à
2263 260 21 53 24
2319 255 37 57 h),

1342 316 37 38 une
1418 315 117 38 émission
1574 314 109 37 d’André
1717 312 97 37 Francis
1850 311 136 37 présentée
2025 310 55 36 avec
2116 309 10 36 le
2166 308 122 36 concours
2327 307 18 35 de

1339 349 85 44 Lucien
1469 347 114 46 Malson.

1359 390 0 42 2
1394 390 73 43 Juillet
1516 390 67 43 Dizzy
1621 390 116 44 Gillespie
1772 390 62 45 (10).

1342 461 20 45 16

1339 494 20 47 23

1341 533 21 45 30

1418 427 0 40 —

1520 426 37 41 Les
1594 424 63 42 Cités
1694 423 20 43 du
1751 422 46 44 Jazz
1831 422 0 43 :
1861 420 43 45 San
1941 418 131 46 Francisco
2108 417 20 46 et
2158 416 37 47 Los
2232 413 124 50 Angeles.

1420 460 0 43 —
1520 459 177 43 Présentation
1734 458 39 42 des
1809 458 120 41 Festivals
1966 457 78 41 d’Eté.

1420 497 0 39 —
1521 496 134 40 Satchmo,
1681 496 0 39 a
1717 496 112 39 Musical
1857 495 227 40 Autobiography.

1420 536 0 34 —
1524 536 32 36 The
1596 536 93 39 Golden
1729 536 78 41 Swing
1844 536 52 42 Era.

1361 571 0 39 6
1401 570 59 40 Août
1526 569 33 42 The
1598 568 82 43 Count
1713 567 69 45 Basie
1822 566 66 46 Story

1347 604 18 45 13

1341 638 22 42 20

1343 672 25 52 27

1425 608 0 50 —

1523 604 77 43 Swing
1644 603 84 44 Street
1761 603 0 44 :
1795 603 47 44 52rd
1885 602 84 45 Street
2002 601 20 46 of
2056 601 43 46 New
2156 600 67 47 York.

1424 638 0 41 —
1527 638 33 42 The
1601 639 110 41 Fletcher
1746 639 148 42 Henderson
1936 640 81 41 Story.

1422 677 0 36 —
1526 677 32 36 The
1600 677 95 36 Golden
1734 677 62 36 Book
1836 677 19 36 of
1890 677 97 36 Classic
2029 677 94 36 Swing.

1361 714 0 41 3
1397 712 152 52 Septembre
1603 710 94 52 Charlie
1737 709 101 51 Parker,
1871 708 29 48 the
1936 707 67 46 Bird.

135 744 56 43 gnée
227 744 19 42 de
283 744 9 41 la
326 744 110 40 musique
473 744 209 38 contemporaine
719 744 162 35 européenne
921 744 37 33 que
995 744 52 32 celle
1087 744 111 31 d’Albert

137 783 67 37 Ayler
241 782 56 36 peut
328 780 61 37 l’être
429 779 19 36 de
490 778 9 37 la
538 777 0 37 «
583 775 53 38 Third
678 773 84 39 Stream
813 771 33 39 »...
880 770 8 39 Il
922 768 48 40 joue
1009 767 20 40 de
1067 764 124 42 plusieurs

136 812 164 44 instruments
343 812 0 42 :
383 811 84 43 piano,
504 810 130 43 clavecin,
667 809 70 43 orgue
784 808 154 43 électrique,
974 807 54 43 saxo
1074 806 127 43 soprano,

137 855 46 41 etc.
216 855 11 39 Il
260 853 71 41 utilise
375 851 109 41 souvent
520 850 8 39 le
569 849 55 39 saxo
665 848 54 38 avec
763 846 68 39 effets
873 844 103 39 d’échos
1018 842 109 38 retardés
1171 841 19 37 ou

135 888 56 40 avec
222 888 39 39 des
295 886 93 40 bandes
421 884 160 41 reproduites
615 883 56 40 avec
705 883 36 39 des
778 881 137 40 décalages
949 880 31 39 (ce
1016 879 56 39 qu’il
1098 878 92 39 appelle

137 925 37 47 son
217 923 0 42 «
257 919 126 46 orchestre
423 921 105 44 fantôme
571 923 29 42 »).

138 986 0 41 —
195 985 0 42 Y
233 984 61 55 a-t-il
325 984 38 53 des
401 982 114 55 rapports
553 981 61 53 entre
652 981 57 53 cette
751 979 110 52 nouvelle
899 978 110 52 musique
1051 977 15 53 et
1101 977 7 41 le
1150 976 42 48 free

137 1020 48 53 jazz
214 1021 2 49 ?

140 1068 0 40 —
194 1059 237 48 Esthétiquement,
461 1057 10 47 le
508 1057 43 47 free
591 1057 41 46 jazz
668 1058 20 44 et
718 1058 10 43 la
769 1058 0 43 «
805 1058 37 42 new
889 1058 70 42 music
999 1058 0 40 »
1036 1059 20 39 de
1096 1059 107 38 l’under¬

141 1109 87 43 ground
265 1107 132 43 américain
432 1106 54 41 sont
515 1104 132 42 opposés.
673 1103 20 40 Ils
725 1101 186 41 représentent
940 1100 55 38 deux
1029 1098 69 39 pôles
1133 1098 17 37 de
1187 1097 9 37 la

139 1141 111 43 musique
290 1139 120 43 actuelle.
438 1136 129 44 Pourtant,
598 1135 34 43 ces
668 1134 56 43 deux
761 1132 129 44 musiques
927 1131 15 43 se
982 1128 145 46 rejoignent
1155 1127 49 45 tout

141 1180 19 39 de
193 1178 74 40 même
299 1178 36 39 sur
365 1177 8 39 le
406 1176 82 39 terrain
524 1174 177 40 idéologique.
726 1173 19 38 La
778 1172 99 39 rigueur
904 1170 120 39 absolue,
1049 1169 30 38 les
1112 1168 90 38 répéti¬

141 1209 59 51 tions
235 1208 166 51 implacables
436 1207 55 51 sont
523 1207 71 50 aussi
625 1207 36 50 une
700 1206 71 50 forme
811 1206 19 50 de
866 1205 173 50 contestation

905 1246 75 50 Pierre
1018 1248 183 49 CRESSANT.

142 1309 53 62 P.S.
228 1307 53 64 Tous
320 1306 231 65 renseignements
590 1304 150 67 (locations,
768 1303 121 68 adresses
932 1300 20 62 de
990 1310 131 57 camping,
1149 1309 63 57 etc.)

143 1364 10 39 à
182 1363 9 41 la
230 1362 93 43 Galerie
365 1360 115 46 Maeght.

144 1397 139 57 Attention,
320 1406 8 46 le
373 1398 97 53 numéro
515 1406 20 44 de
576 1394 135 55 téléphone
760 1393 32 54 est
829 1389 130 57 522-13-19
1008 1390 29 54 (et
1077 1390 37 54 non
1159 1397 41 46 pas

141 1445 151 42 533-13-19,
315 1444 94 43 comme
442 1442 101 45 indiqué
569 1442 40 44 par
636 1440 80 46 erreur
746 1438 184 48 auparavant).

143 1613 88 53 JAZZ
273 1612 0 53 •
311 1611 316 54 INFORMATIONS
669 1611 0 52 «
703 1611 88 51 JAZZ
841 1610 0 51 •
879 1609 320 52 INFORMATIONS

149 1749 98 42 Comme
287 1748 55 41 nous
379 1747 100 41 l’avions
520 1746 54 40 déjà
603 1745 120 40 annoncé
755 1744 9 39 le
804 1743 69 39 grand
913 1742 129 39 orchestre
1082 1741 17 38 de
1140 1740 63 38 Duke

148 1786 113 42 Ellington
298 1784 112 42 tournera
447 1783 38 40 cet
516 1782 35 40 été
583 1782 17 39 en
640 1780 89 41 Europe
769 1780 18 39 et
818 1778 110 40 donnera
965 1776 124 40 plusieurs
1126 1775 83 38 repré¬

148 1824 139 41 sentations
331 1823 16 39 en
391 1822 85 39 France
520 1821 38 38 que
602 1821 54 37 nous
698 1819 131 38 signalons
870 1819 38 35 par
946 1817 110 36 ailleurs.
1091 1816 113 35 (Provins

147 1853 10 46 le
187 1853 0 45 4
221 1852 83 46 juillet,
331 1851 80 46 Toulon
441 1851 10 45 le
485 1851 17 44 5,
525 1850 97 45 Orange
655 1850 10 44 le
695 1850 37 43 25,
756 1849 180 44 Saint-Tropez
966 1848 10 43 le
1009 1848 47 42 28).
1080 1847 127 42 Plusieurs

148 1894 115 42 concerts
301 1893 83 41 sacrés
424 1892 55 41 sont
510 1891 150 41 également
691 1890 87 40 prévus
818 1889 57 40 (Lille
913 1888 11 40 le
961 1888 21 40 29
1022 1887 54 40 juin,
1108 1886 95 40 Orange

148 1926 10 50 le
187 1928 53 50 26).

151 1971 23 46 Au
211 1971 67 45 cours
314 1972 20 43 de
371 1973 17 42 sa
424 1973 100 41 tournée
561 1975 17 38 en
618 1966 103 46 France,
748 1964 147 47 l’orchestre
932 1966 20 43 de
988 1967 64 41 Duke
1088 1968 114 39 Ellington

151 2012 124 42 donnera,
306 2012 9 41 le
355 2011 0 41 4
398 2010 81 42 juillet,
513 2010 9 41 à
554 2009 114 42 Provins,
700 2009 20 40 un
760 2008 84 41 unique
887 2007 103 41 concert
1025 2006 8 41 à
1068 2005 138 41 l’occasion

152 2052 17 43 du
208 2051 32 43 70e
269 2049 168 44 anniversaire
475 2049 18 41 de
531 2048 65 42 Louis
631 2046 162 42 Armstrong.
819 2045 21 41 La
875 2044 76 41 soirée
990 2044 50 39 aura
1075 2043 38 39 lieu
1151 2042 56 39 sous

151 2082 129 44 chapiteau
321 2081 18 44 et
367 2081 52 44 sera
457 2081 80 44 placée
575 2081 56 44 sous
669 2080 10 45 la
718 2080 149 44 présidence
906 2080 20 44 de
965 2080 31 44 M.
1024 2079 59 45 Alain
1125 2079 90 44 Peyre¬

151 2122 60 40 fitte,
238 2122 66 39 maire
342 2121 20 39 de
400 2120 99 39 Provins
537 2120 16 38 et
584 2119 19 38 de
641 2118 44 39 Son
723 2117 146 39 Excellence
907 2116 30 38 M.
967 2115 115 39 Watson,
1112 2114 102 38 ambas¬

151 2158 93 41 sadeur
277 2157 39 40 des
355 2154 157 42 Etats-Unis.
545 2152 69 42 C’est
647 2151 9 41 le
695 2150 54 42 seul
779 2148 105 43 concert
917 2146 40 43 que
996 2145 63 43 Duke
1101 2142 105 45 donnera

152 2218 57 18 dunis
251 2218 11 17 l8
305 2215 91 19 1egio11
430 2215 142 17 Parisienne
615 2191 59 39 cette
719 2190 94 39 année.
848 2189 112 38 Location
1005 2188 57 38 chez
1104 2186 115 38 Durand,

153 2230 18 41 4,
196 2229 67 41 place
300 2228 17 41 de
354 2227 12 41 la
403 2225 158 43 Madeleine,
590 2224 69 41 OPE.
685 2223 86 41 62-19,
797 2222 20 40 ou
854 2222 9 40 à
892 2222 8 39 la
938 2220 77 41 mairie
1053 2220 20 39 de
1110 2218 98 40 Provins

149 2265 96 52 (places
282 2264 17 54 de
336 2263 33 55 10,
394 2262 17 51 20
448 2262 17 51 et
489 2261 17 56 30
543 2260 17 52 F,
585 2259 50 58 cars
668 2257 120 58 spéciaux
821 2255 162 60 aller-retour
1012 2254 16 50 15
1062 2253 33 55 F).

153 2379 26 58 On
216 2381 111 56 annonce
368 2368 144 69 l’orchestre
554 2366 95 71 d'Harry
685 2365 75 72 James
796 2364 11 73 à
838 2363 85 74 Pleyel
950 2373 10 64 le
1002 2370 16 67 18
1055 2363 164 74 septembre.

154 2488 154 64 L’American
352 2486 67 63 Blues
458 2486 0 62 8
502 2486 97 62 Gospel
630 2486 110 60 Festival
771 2485 18 59 de
828 2485 62 59 cette
929 2485 75 58 année
1044 2485 167 56 comprendra

154 2544 156 43 notamment
339 2543 109 42 Brownie
483 2541 112 43 McGhee
633 2540 18 42 et
681 2539 79 43 Sonny
798 2538 80 42 Terry,
904 2537 77 42 Sister
1013 2535 100 43 Rosetta
1151 2534 65 43 Thar¬

156 2581 38 41 pe,
225 2580 77 42 Bukka
344 2579 72 43 White
458 2579 18 43 et
510 2578 28 44 les
580 2576 128 46 Patterson
753 2575 101 47 sisters.
889 2573 111 49 Concert
1038 2572 66 50 prévu
1150 2571 59 51 Salle

154 2617 84 49 Pleyel
268 2617 7 49 le
312 2617 0 49 9
353 2617 151 49 novembre.

156 2707 41 60 Ray
230 2707 101 56 Charles
368 2707 14 51 et
410 2707 36 52 son
483 2707 130 62 orchestre
645 2707 55 62 sont
728 2707 129 44 annoncés
889 2707 14 44 à
926 2707 79 60 Paris,
1032 2707 60 55 Salle
1124 2707 100 56 Pleyel,

157 2751 27 43 les
223 2751 14 44 1,
265 2751 0 44 2
300 2751 17 45 et
349 2751 0 46 4
384 2751 118 48 octobre.

684 2768 0 61 •

158 2839 20 52 La
213 2840 99 51 tournée
351 2844 0 46 «
387 2836 118 53 Newport
537 2839 7 49 à
572 2835 63 53 Paris
671 2845 0 43 »
706 2836 36 51 est
773 2833 87 54 prévue
896 2840 35 46 cet
963 2838 114 48 automne
1113 2837 55 48 avec
1203 2836 12 48 la

157 2883 171 45 narticipation
360 2881 20 44 de
416 2879 79 45 Sonny
528 2875 105 48 Rollins,
659 2876 59 45 Dave
754 2873 213 47 Brubeck-Gerry
1000 2875 111 42 Mulligan
1147 2876 69 39 quar¬

160 2923 67 38 tette,
259 2922 51 38 Earl
342 2920 71 40 Hines
451 2918 119 41 Quartet,
605 2916 51 42 Tony
698 2914 132 43 Williams,
862 2913 9 43 le
913 2912 67 44 grand
1022 2909 128 46 orchestre
1195 2908 16 46 de

161 2950 77 48 Kenny
273 2949 199 48 Clarke-Francy
507 2948 96 47 Bolland
642 2948 55 46 avec
729 2947 67 46 Dizzy
831 2946 135 46 Gillespie,
992 2946 9 45 le
1037 2945 99 46 Modern
1168 2945 48 44 Jazz

165 2994 99 59 Quartet
298 2994 20 59 et
347 2993 13 49 le
397 2993 71 60 grand
509 2991 125 60 orchestre
676 2991 20 60 de
738 2990 79 59 Buddy
854 2989 71 55 Rich.

1345 757 59 51 JAZZ
1444 756 111 51 VIVANT
1588 756 37 51 (les
1658 756 110 50 samedis
1805 756 18 50 de
1860 756 15 49 19
1908 756 0 49 h
1948 755 15 50 15
1996 755 8 50 à
2033 755 15 50 19
2085 755 0 49 h
2118 755 51 49 40).

1364 810 0 38 4
1398 810 76 38 Juillet
1524 809 127 39 Quartette
1690 809 67 39 Frank
1797 808 104 40 Wright.

1346 842 18 47 18

1349 912 20 48 15

1423 848 0 35 —

1401 873 64 56 Août

1427 917 2 36 —

1525 847 21 37 En
1585 846 78 38 direct
1697 845 144 38 d’Antibes.

1524 880 36 41 Trio
1605 880 121 41 Siegfried
1768 880 118 41 Kessler.

1526 917 80 39 Rhoda
1650 916 81 42 Scott.

1350 953 17 42 24
1428 952 0 40 —
1527 950 57 48 Kurt
1616 948 142 50 Edelhagen
1797 947 17 44 et
1843 946 39 51 son
1921 944 145 51 orchestre.

1350 999 228 56 RENDEZ-VOUS
1629 1002 19 48 EN
1703 999 104 50 STEREO
1866 997 23 50 (le
1935 994 128 52 dimanche
2110 993 19 50 de
2180 991 15 51 19
2242 990 0 51 h
2292 989 20 51 35
2354 988 12 51 à

1348 1044 17 43 20
1403 1044 1 41 h
1440 1044 50 40 30).

1349 1088 44 41 Une
1430 1084 120 44 émission
1587 1081 110 46 d’André
1729 1078 113 47 Francis.

1366 1126 0 42 5
1400 1125 78 42 Juillet
1523 1123 87 43 Herbie
1641 1122 69 42 Mann
1742 1121 54 42 avec
1828 1120 80 41 Sonny
1942 1118 110 42 Sharock
2083 1118 17 40 et
2126 1117 29 40 les
2186 1115 176 42 nouveautés.

1350 1153 20 51 12

1351 1200 14 35 19

1425 1162 0 40 —

1430 1197 1 33 —

1527 1159 17 41 Le
1585 1157 126 42 Quartette
1751 1156 66 41 Dizzy
1852 1156 77 40 Reece
1967 1155 8 39 à
2004 1152 359 42 Saint-Germain-en-Laye.

1528 1197 19 40 En
1591 1196 75 40 direct
1701 1191 342 45 d’Antibes-Juan-les-Pins
2083 1191 0 42 :
2118 1189 85 44 Lionel
2234 1187 119 45 Hampton

1530 1231 19 38 et
1582 1231 50 39 Stan
1673 1231 72 39 Getz.

1353 1264 15 49 26
1434 1270 0 43 —
1531 1261 124 52 Ragtime,
1689 1257 126 56 Dixieland
1857 1260 20 49 et
1911 1254 90 53 Boogie
2043 1254 102 53 Woogie
2187 1254 1 44 :
2222 1254 67 49 Louis
2326 1254 40 48 Ar¬

1532 1297 98 51 strong,
1663 1295 36 49 Kid
1742 1295 58 50 Ory,
1833 1295 43 42 Bob
1919 1295 123 42 Haggart,
2082 1295 33 42 The
2158 1295 119 42 Newport
2314 1295 47 42 Jazz

1534 1336 30 40 All
1594 1335 81 41 Stars,
1708 1334 34 41 The
1781 1334 33 40 Big
1853 1333 36 41 18,
1919 1333 81 41 Albert
2033 1331 133 42 Nicholas,
2196 1331 33 41 Joe
2271 1330 96 42 Turner.

1372 1369 0 48 2
1408 1369 59 47 Août
1526 1368 85 47 Lionel
1644 1368 137 45 Hampton,
1808 1367 118 44 Coleman
1968 1367 112 42 Hawkins
2119 1367 16 40 et
2168 1366 82 41 Count
2283 1366 85 39 Basie.

1352 1437 18 46 16

1429 1412 0 35 —

1519 1407 80 42 JJohny
1634 1402 101 46 Hodges
1770 1400 21 48 et
1818 1399 147 48 l’orchestre
2003 1401 21 45 de
2062 1401 63 45 Duke
2160 1402 135 44 Ellington.

1432 1447 0 34 —
1529 1445 82 44 Sonny
1649 1444 85 43 Rollins
1772 1444 15 43 et
1819 1443 66 44 Dizzy
1923 1442 135 42 Gillespie.

1352 1480 19 44 23
1435 1480 0 43 —
1534 1479 18 44 Le
1589 1479 102 44 Modern
1725 1478 46 44 Jazz
1805 1478 104 43 Quartet
1940 1478 15 42 et
1986 1477 68 43 Miles
2085 1477 89 43 Davis.

1354 1517 17 43 30
1433 1516 0 42 —
1530 1515 53 42 John
1621 1514 115 41 Coltrane
1775 1514 20 38 et
1827 1513 83 38 Archie
1948 1512 100 37 Shepp.

1706 1558 118 48 FRANCE
1864 1558 137 45 CULTURE

1357 1604 59 51 JAZZ
1456 1604 43 49 S'IL
1539 1592 76 60 VOUS
1660 1599 79 51 PLAIT

1357 1660 119 46 Emission
1517 1650 110 55 d’André
1660 1648 122 56 Clergeat
1815 1649 0 54 :
1847 1649 106 54 Disques
1994 1650 8 52 à
2031 1651 12 51 la
2080 1651 143 51 demande.

1741 1704 223 50 FRANCE-INTER

1356 1739 59 68 JAZZ
1457 1738 50 67 SUR
1549 1734 97 70 SCENE
1683 1734 64 68 (tous
1781 1748 29 53 les
1848 1747 111 53 samedis
1996 1729 20 69 de
2054 1734 20 63 23
2111 1732 1 65 h
2150 1729 15 67 30
2203 1735 10 60 à
2246 1731 1 64 0
2285 1727 1 67 h
2318 1731 54 63 30).

1355 1793 45 51 Une
1439 1792 115 50 émission
1593 1792 111 48 d’André
1736 1791 111 46 Francis.

1374 1840 0 43 4
1410 1838 75 44 Juillet
1533 1838 15 43 2e
1584 1836 109 44 Festival
1726 1835 18 43 de
1786 1833 150 44 Dunkerque
1978 1833 0 41 :
2011 1831 99 43 Martial
2144 1830 78 42 Solal,
2255 1828 117 43 l’Andna,

1361 1906 14 48 11

1360 1946 17 41 18

1538 1873 96 42 l’Organ
1668 1872 45 41 Jazz
1749 1871 75 41 Group
1860 1870 18 40 et
1905 1870 9 40 le
1951 1869 45 40 Jazz
2029 1868 60 40 Band
2125 1867 18 40 de
2179 1865 142 41 Cracovie.

1435 1911 0 37 —
1537 1910 18 38 Le
1592 1909 77 38 Grand
1706 1907 129 40 orchestre
1875 1906 16 41 de
1931 1905 61 41 Duke
2029 1904 117 42 Ellington
2183 1903 9 42 à
2220 1902 117 43 Provins.

1438 1946 0 36 —
1539 1946 19 37 En
1595 1946 76 38 direct
1702 1946 146 39 d’Antibes.

1358 1980 20 46 25
1438 1979 1 46 —
1537 1977 91 46 Retour
1659 1976 36 45 sur
1726 1976 11 44 la
1774 1975 52 44 Nuit
1857 1974 18 44 du
1912 1973 49 44 Jazz
1999 1972 52 44 1969
2088 1972 1 42 :
2117 1971 33 43 Joe
2191 1970 97 43 Turner,
2316 1969 46 42 Don

1540 2010 76 44 Byas,
1656 2008 90 45 Claude
1800 2006 112 46 Guilhot,
1952 2005 90 47 Boulou
2092 2005 83 46 Ferré,
2215 2005 18 45 Le
2287 2005 76 45 Swing

1538 2051 94 47 Limited
1673 2050 76 46 Orch.

1381 2089 0 41 1
1413 2079 63 51 Août
1533 2081 138 50 Panorama
1708 2074 129 58 Européen
1874 2080 1 42 :
1903 2073 50 57 John
1994 2072 121 55 Surman,
2143 2069 84 57 Albert
2255 2066 118 57 Mangel¬

1540 2122 82 38 sdorf,
1652 2119 64 40 Karin
1758 2115 73 43 Krog,
1864 2114 85 42 Francy
1990 2115 109 40 Boland,
2129 2116 118 38 Jean-Luc
2288 2117 88 35 Ponty.

1378 2160 0 40 8
1440 2159 0 40 —
1540 2158 50 40 Phil
1622 2157 91 41 Woods
1755 2157 17 40 et
1808 2156 85 40 Herbie
1934 2155 68 40 Mann
2043 2154 38 40 aux
2123 2153 132 40 Floralies.

1365 2192 14 42 15

1440 2195 0 35 —
1540 2191 137 39 Riverboat
1704 2189 87 41 Parade
1827 2188 54 42 avec
1918 2187 73 42 Maxim
2038 2185 90 44 Saury,
2154 2184 37 45 Les
2225 2181 150 48 Lutéciens,

1363 2232 15 49 22
1443 2231 0 47 —
1542 2228 99 46 Martial
1679 2226 80 54 Solal,
1794 2225 91 52 Michel
1923 2223 114 52 Roques,
2075 2221 92 54 Michel
2205 2219 110 54 Graillier
2353 2218 20 52 et

1537 2266 43 44 Jeff
1610 2266 103 44 Gilson.

1360 2301 17 47 29
1438 2300 0 41 —
1541 2298 65 48 Miles
1643 2296 72 49 Davis
1749 2296 17 45 et
1800 2294 143 48 Thelonious
1980 2292 86 46 Monk.

1365 2353 181 45 CONNAITRE
1587 2353 20 43 LE
1645 2351 61 45 JAZZ
1751 2350 61 45 (tous
1849 2349 28 46 les
1918 2348 75 46 lundis
2034 2347 17 46 de
2092 2346 20 47 21
2150 2346 0 47 h
2194 2345 14 47 15
2249 2344 10 48 à
2289 2344 21 48 22
2347 2343 31 48 h).

1359 2393 121 46 Emission
1513 2393 20 43 de
1569 2391 82 48 Lucien
1687 2389 111 44 Malson.

1380 2434 0 42 2
1417 2430 75 45 Juillet
1537 2426 65 48 Suite
1639 2424 18 49 de
1694 2423 58 49 Mike
1790 2426 171 45 Westbrook.

1379 2465 6 45 9

1439 2471 0 43 —

1544 2468 86 40 Inédits
1670 2468 20 40 de
1731 2468 63 40 Duke
1837 2467 132 41 Ellington.

1365 2508 15 37 16
1441 2507 0 37 —
1541 2503 121 40 Emission
1700 2502 56 40 avec
1797 2500 83 41 André
1912 2498 91 42 Hodeir
2039 2497 35 42 sur
2109 2496 68 42 Louis
2215 2493 162 44 Armstrong.

1363 2541 19 41 23
1443 2540 0 41 —
1542 2538 119 42 Emission
1700 2537 57 42 avec
1799 2536 80 42 André
1915 2535 89 42 Hodeir
2040 2534 35 42 sur
2110 2533 68 42 Louis
2216 2531 164 43 Armstrong.

1364 2578 21 41 En
1430 2576 59 42 Août
1537 2575 84 43 André
1655 2573 97 44 Francis
1794 2571 146 45 présentera
1985 2570 28 45 les
2058 2568 121 46 Concerts
2221 2566 156 47 d’Avignon,

1546 2608 318 43 Saint-Paul-de-Vence,
1896 2608 45 44 etc.

1778 2649 170 61 TELEVISION

1363 2700 65 49 Nous
1458 2701 19 47 ne
1512 2698 114 50 pouvons
1660 2700 57 47 vous
1751 2695 130 51 annoncer
1911 2691 179 54 précisément
2113 2694 95 50 aucune
2242 2690 137 53 émission,

1366 2748 55 40 mais
1460 2747 58 40 nous
1560 2745 55 41 vous
1654 2743 158 41 conseillons
1853 2742 18 40 de
1915 2740 129 41 consulter
2079 2739 30 41 les
2150 2735 220 44 hebdomadaires

1364 2776 173 48 spécialisés,
1563 2776 19 45 un
1621 2775 38 45 bon
1698 2775 96 44 nombre
1833 2774 167 42 d’émissions
2035 2773 67 40 étant
2131 2773 81 39 prêtes
2247 2773 10 37 à
2285 2772 90 37 passer

1366 2818 19 37 au
1430 2816 71 40 cours
1546 2815 19 41 de
1610 2814 55 42 l’été
1703 2813 116 44 prochain
1864 2810 141 47 (Stéphane
2053 2808 132 45 Grappelly
2233 2807 51 44 (2);
2320 2806 51 44 John

1368 2853 37 39 Lee
1446 2851 113 40 Hooker,
1591 2850 66 40 Dizzy
1701 2847 135 42 Gillespie,
1870 2845 129 43 Quartette
2043 2843 81 44 Sonny
2165 2840 141 46 Sharrock,
2338 2839 31 45 Joe

1369 2881 97 47 Turner,
1492 2880 137 47 Champion
1666 2879 47 46 Jack
1750 2878 113 46 Dupree,
1890 2877 20 45 un
1947 2876 130 46 hommage
2114 2875 10 45 à
2151 2875 50 44 Billy
2238 2873 134 46 Strayhorn

1366 2924 17 40 et
1413 2922 89 45 Johnny
1539 2920 116 50 Hodges,
1686 2918 170 50 composition
1894 2917 20 44 de
1951 2916 48 49 Fats
2037 2915 88 41 Waller
2159 2914 17 42 et
2207 2913 82 43 Sadas
2326 2912 51 44 Wa¬

1364 2952 102 50 terabe.

2360 3039 29 40 39
