2480 3177
1304 1175 76 42 sonne
1427 1174 29 50 n’a
1503 1173 123 51 d’ailleurs
1669 1173 11 50 à
1720 1173 43 43 s’en
1814 1172 104 49 plaindre
1965 1172 36 47 car
2045 1171 58 39 cette
2153 1171 69 39 petite
2269 1170 94 40 bataille

1308 1213 138 42 d’Hernani
1476 1213 101 43 apporte
1617 1213 9 44 à
1653 1213 9 44 la
1702 1212 111 46 musique
1853 1212 19 43 de
1912 1211 88 43 révolte
2039 1211 66 40 jouée
2144 1211 36 38 sur
2213 1210 72 37 scène
2328 1210 36 35 une

1305 1252 138 36 dimension
1490 1250 218 36 supplémentaire
1757 1250 0 34 :
1796 1249 121 35 surexités
1964 1248 37 34 par
2043 1248 28 34 les
2118 1246 177 35 mouvements
2342 1246 20 33 de

1303 1290 10 37 la
1354 1288 75 40 salle,
1460 1287 27 41 les
1525 1285 122 44 membres
1688 1284 20 46 du
1749 1281 120 49 quartette
1909 1279 147 48 donnèrent
2087 1278 10 42 le
2138 1276 112 49 meilleur
2284 1274 85 46 d’eux¬

1305 1322 111 47 mêmes,
1439 1321 17 45 ce
1489 1320 37 43 qui
1553 1319 56 48 nous
1640 1318 63 47 valut
1730 1318 37 48 une
1800 1316 110 49 musique
1944 1313 287 50 exceptionnellement
2261 1312 57 45 riche
2351 1311 17 44 et

1307 1359 93 40 variée,
1433 1358 55 40 d’où
1518 1358 60 39 toute
1619 1356 203 40 préoccupation
1861 1354 96 40 ludique
1998 1354 63 38 n’est
2094 1352 123 40 d’ailleurs
2255 1352 39 38 pas
2335 1351 36 38 ex¬

1306 1395 44 36 clue
1393 1395 0 36 :
1428 1393 53 37 trois
1519 1392 60 38 jours
1623 1390 84 40 après,
1742 1390 16 39 au
1802 1387 106 42 concert
1943 1387 19 42 du
2006 1385 84 43 Musée
2134 1383 63 45 d’Art
2235 1381 135 47 Moderne.

1305 1431 11 35 le
1353 1430 78 36 public
1471 1430 17 36 se
1526 1429 74 37 laissa
1638 1428 74 37 même
1753 1427 100 38 prendre
1893 1427 20 38 au
1951 1427 29 38 jeu
2020 1426 37 39 une
2100 1425 38 40 fois
2178 1425 17 39 et
2229 1424 75 40 éclata
2344 1424 18 40 de

1306 1466 54 37 rire.
1386 1465 123 37 L’entente
1547 1464 61 37 entre
1643 1464 26 37 les
1707 1463 80 37 quatre
1822 1462 112 38 hommes
1968 1461 35 38 est
2033 1460 197 38 extraordinaire
2265 1460 19 37 et
2318 1459 51 37 The¬

1305 1502 19 44 lin
1364 1500 113 45 s’intègre
1517 1500 9 43 à
1554 1499 123 43 merveille
1717 1498 55 42 dans
1809 1498 9 40 le
1861 1497 89 41 groupe
1987 1496 55 40 qu’il
2073 1495 92 39 stimule
2205 1493 163 40 visiblement

1306 1537 38 46 par
1376 1536 20 46 sa
1434 1535 122 46 présence
1597 1534 0 45 :
1629 1534 7 45 il
1668 1534 35 44 est
1732 1533 10 44 à
1774 1533 44 44 mon
1860 1532 55 44 sens
1950 1530 131 44 l’élément
2113 1530 39 42 qui
2181 1528 131 43 manquait
2344 1528 16 41 au

1308 1574 34 37 trio
1380 1573 57 39 pour
1468 1572 51 40 faire
1556 1571 95 42 éclater
1682 1571 16 42 sa
1736 1570 129 44 musique.

1311 1610 50 47 Vint
1393 1609 92 48 ensuite
1524 1609 63 47 celui
1619 1608 39 48 que
1697 1607 39 48 l’on
1775 1606 124 49 attendait
1931 1605 53 49 avec
2023 1604 134 50 curiosité,
2189 1602 184 51 accompagné

1308 1654 20 36 de
1369 1653 56 37 ceux
1462 1652 67 38 qu’on
1569 1649 124 40 attendait
1723 1648 57 41 avec
1817 1645 150 44 impatience
2007 1644 0 44 :
2041 1643 83 45 Herbie
2165 1641 66 47 Mann
2272 1639 100 48 Quintet

1309 1688 118 39 featuring
1473 1687 69 38 Steve
1585 1685 98 39 Marcus
1726 1684 46 39 (ss,
1806 1683 41 39 ts),
1884 1681 77 41 Sonny
2007 1679 121 41 Sharrock
2171 1678 43 41 (q),
2252 1676 114 42 Miroslav

1312 1723 77 43 Vitous
1423 1723 31 42 (b)
1481 1723 19 41 et
1527 1722 74 42 Bruno
1635 1721 55 42 Carr
1721 1721 55 41 (dr).
1801 1720 83 41 Herbie
1917 1719 86 41 Mann,
2028 1719 61 40 c’est
2117 1719 18 39 un
2169 1718 37 40 peu
2243 1718 9 39 le
2286 1717 80 40 Benny

1311 1760 129 40 Goodman
1483 1760 17 38 de
1541 1759 63 39 notre
1645 1758 96 38 époque
1782 1758 0 37 :
1818 1757 16 38 un
1878 1757 85 37 flûtiste
2007 1756 38 37 pas
2087 1755 178 37 franchement
2300 1754 75 36 désa¬

1310 1794 99 45 gréable
1445 1793 9 45 à
1480 1792 119 45 écouter,
1624 1791 55 45 mais
1714 1790 100 46 insipide
1852 1789 16 45 et
1897 1788 55 46 sans
1987 1787 71 46 grand
2093 1786 96 46 talent;
2218 1785 39 46 par
2289 1784 77 47 contre

1310 1835 17 35 ce
1369 1833 73 36 diable
1484 1830 118 38 d’homme
1642 1829 44 38 sait
1717 1827 144 39 s’entourer
1894 1826 20 38 de
1953 1823 138 41 musiciens
2130 1822 17 40 de
2186 1821 51 41 tout
2268 1819 104 42 premier

1311 1869 66 38 plan.
1407 1867 111 39 Passons
1557 1865 51 40 tout
1638 1864 21 40 de
1698 1863 54 40 suite
1794 1862 36 40 sur
1864 1861 9 41 le
1915 1860 33 41 cas
1987 1859 21 42 de
2047 1857 72 43 Bruno
2161 1855 69 44 Carr,
2260 1853 105 45 honnête

1310 1899 97 48 batteur
1440 1898 123 52 popisant
1595 1898 33 45 (ou
1664 1897 177 49 popouillard)
1873 1897 36 40 que
1952 1896 83 42 Herbie
2075 1896 69 43 Mann
2183 1895 116 46 trimballe
2339 1895 36 46 de¬

1311 1942 46 40 puis
1401 1941 46 40 cinq
1490 1941 37 39 ans
1570 1940 17 39 et
1625 1939 37 40 qui
1700 1939 17 39 ne
1763 1938 49 39 sert
1849 1937 69 39 guère
1961 1936 58 39 qu’à
2053 1934 118 40 apporter
2211 1933 20 40 un
2274 1932 92 40 soutien

1313 1975 135 40 rythmique
1487 1974 46 40 bien
1575 1972 71 42 carré
1678 1971 18 43 au
1738 1969 96 45 leader,
1866 1968 28 45 les
1933 1966 54 47 trois
2026 1964 81 49 autres
2146 1963 18 50 se
2206 1960 170 52 débrouillant

1312 2010 184 42 parfaitement
1533 2008 60 43 entre
1636 2007 57 43 eux.
1727 2007 16 43 La
1790 2005 47 45 plus
1880 2004 87 45 grosse
2011 2002 106 47 surprise
2161 2001 30 47 fut
2231 2000 63 48 poué
2331 1999 27 48 mo

1311 2048 69 39 Steve
1417 2047 115 39 Marcus,
1551 2046 8 38 à
1578 2046 37 38 peu
1644 2045 48 38 près
1719 2044 104 38 inconnu
1850 2043 19 38 en
1898 2042 104 38 France,
2031 2041 38 38 qui
2095 2040 48 38 joua
2178 2039 56 38 avec
2269 2039 19 37 un
2325 2038 48 38 fee¬

1310 2081 38 44 ling
1375 2079 123 45 constant
1518 2078 55 45 dans
1600 2077 17 45 un
1644 2076 58 46 style
1726 2075 72 46 aussi
1818 2072 140 49 personnel
1979 2069 170 50 qu’efficace.
2180 2068 54 50 Viril
2262 2067 20 50 au
2309 2066 65 51 ténor

1311 2121 19 39 au
1368 2120 66 39 point
1464 2119 19 39 de
1519 2118 115 40 rappeler
1667 2117 16 39 un
1721 2116 85 39 lllinois
1839 2114 107 40 Jacquet
1976 2114 38 38 des
2050 2112 123 40 meilleurs
2209 2111 76 39 jours,
2315 2110 61 39 Mar¬

1314 2155 34 38 cus
1381 2154 37 38 sut
1443 2153 42 39 être
1519 2153 42 39 très
1595 2152 87 39 lyrique
1718 2151 17 39 au
1769 2150 106 40 soprano
1909 2150 36 39 sur
1971 2149 87 40 lequel
2080 2148 11 40 il
2114 2147 112 41 possède
2260 2147 39 40 une
2332 2146 31 40 fon

1313 2191 55 38 belle
1404 2190 127 38 sonorité.
1556 2190 20 36 Le
1615 2188 111 38 lyrisme,
1751 2188 64 36 c’est
1843 2187 71 36 aussi
1942 2187 10 35 le
1987 2186 51 36 trait
2066 2184 132 37 dominant
2228 2184 18 36 du
2284 2184 28 35 jeu
2350 2183 18 35 de

1315 2229 15 39 ce
1369 2226 156 41 phénomène
1564 2225 9 40 à
1600 2223 81 42 visage
1717 2222 84 42 d’ange
1837 2220 37 43 qui
1904 2220 0 42 a
1940 2219 39 42 nom
2024 2217 114 44 Miroslav
2180 2214 105 45 Vitous;
2315 2213 60 45 c’est

1314 2259 54 42 sans
1406 2259 68 42 doute
1511 2258 58 44 pour
1600 2257 44 45 cela
1682 2257 41 45 que
1760 2256 96 47 Marcus
1893 2255 17 48 et
1941 2255 27 48 lui
1995 2254 85 49 jouent
2111 2254 17 46 si
2159 2254 0 44 «
2196 2252 130 45 ensemble
2363 2252 0 45 »

1317 2294 80 44 Vitous
1435 2293 16 44 ne
1490 2293 42 43 prit
1564 2293 19 43 de
1621 2292 45 43 soli
1695 2292 58 43 qu’à
1778 2291 116 43 l’archet,
1923 2291 54 42 mais
2012 2290 48 42 cela
2096 2290 67 41 suffit
2195 2290 10 41 à
2233 2289 141 41 démontrer

1315 2333 38 39 une
1385 2332 40 39 fois
1457 2332 19 38 de
1510 2331 46 39 plus
1591 2330 53 39 qu’il
1668 2330 37 38 est
1729 2328 190 40 certainement
1943 2327 38 38 l’un
2015 2327 38 38 des
2085 2326 0 38 3
2120 2326 18 38 ou
2170 2326 0 37 4
2205 2325 45 38 plus
2285 2324 88 38 grands

1316 2368 224 41 contrebassistes
1583 2368 18 39 de
1644 2368 37 39 son
1724 2367 112 40 époque.
1871 2366 83 40 Quant
1988 2365 9 40 à
2032 2365 37 40 son
2112 2363 256 41 accompagnement

1316 2405 9 43 il
1354 2404 94 43 soutint
1480 2403 191 43 pratiquement
1701 2403 49 40 tout
1783 2402 64 40 seul,
1877 2402 17 39 et
1930 2402 17 38 de
1985 2401 68 39 façon
2094 2401 159 37 magistrale,
2282 2400 29 36 les
2350 2400 26 35 in¬

1315 2440 157 42 terventions
1508 2439 135 44 délirantes
1682 2439 20 45 de
1741 2439 161 46 Sharrock...

1354 2481 138 41 Sharrock,
1522 2481 18 40 on
1579 2480 9 40 le
1628 2478 162 42 connaissait
1820 2477 54 42 déjà
1904 2477 39 41 par
1973 2476 30 42 les
2042 2474 121 43 quelques
2202 2473 102 43 disques
2343 2472 33 43 sur

1315 2515 113 42 lesquels
1463 2515 9 41 il
1497 2514 91 42 figure,
1617 2513 53 43 mais
1708 2512 141 43 j’attendais
1883 2512 19 42 de
1940 2511 9 43 le
1987 2511 47 43 voir
2065 2510 19 43 en
2122 2509 103 44 concert
2257 2508 56 45 pour
2344 2508 29 44 me

1318 2553 51 46 faire
1412 2552 36 48 une
1488 2551 97 50 opinion
1625 2549 144 54 définitive.
1801 2548 159 51 Maintenant
1996 2547 47 46 mon
2083 2546 97 52 opinion
2220 2546 36 45 est
2288 2545 51 51 faite

1318 2588 81 48 Sonny
1439 2587 140 48 Sharrock,
1612 2586 62 47 c’est
1707 2585 19 47 ce
1769 2585 36 47 qui
1838 2584 36 47 est
1906 2583 79 47 arrivé
2021 2583 20 46 de
2083 2582 46 47 plus
2168 2580 164 48 monstrueux

1317 2622 11 46 la
1369 2621 87 47 guitare
1498 2619 87 48 depuis
1626 2618 91 48 Charlie
1758 2616 153 49 Christian!
1946 2616 24 48 On
2015 2615 0 48 a
2057 2614 118 49 prétendu
2216 2613 56 49 qu’il
2307 2612 62 49 jouan

1319 2662 47 41 tout
1397 2662 10 41 le
1444 2661 79 41 temps
1561 2660 9 42 la
1611 2659 72 43 même
1724 2658 91 43 chose,
1846 2657 57 43 qu’il
1931 2656 101 44 abusait
2066 2655 44 44 d’un
2151 2653 145 46 procédé...
2330 2652 51 46 Tou¬

1319 2701 47 40 cela
1406 2700 34 41 est
1476 2699 74 41 risible
1593 2698 74 42 quand
1710 2697 20 42 on
1774 2696 0 43 a
1814 2696 16 43 vu
1874 2694 80 45 Sonny
1994 2693 20 45 en
2054 2692 77 46 direct
2168 2692 0 46 :
2201 2691 20 47 on
2265 2689 110 48 retrouve

1320 2736 79 38 certes
1435 2735 112 38 souvent
1577 2734 36 38 une
1654 2732 93 39 tension
1789 2731 98 39 amenée
1928 2730 39 39 par
2000 2730 35 38 une
2076 2728 61 40 sorte
2175 2728 19 39 de
2235 2726 140 40 crescendo

1318 2769 19 42 de
1374 2768 132 43 vibrations
1540 2767 37 42 sur
1604 2767 37 42 une
1678 2767 18 42 ou
1730 2766 123 42 plusieurs
1887 2765 83 42 notes,
1995 2765 55 42 mais
2084 2765 9 41 il
2118 2764 0 42 y
2151 2764 0 41 a
2188 2764 56 41 dans
2274 2763 37 42 son
2348 2763 25 41 jeu

1318 2805 37 40 une
1395 2804 111 41 richesse
1549 2803 86 41 sonore
1678 2802 15 41 et
1727 2801 37 42 des
1804 2800 74 42 suites
1918 2798 135 44 d’accords
2093 2797 74 44 inouis
2207 2796 37 44 qui
2274 2795 108 45 laissent

1318 2844 115 41 pantois.
1468 2843 23 41 Sa
1534 2843 69 40 façon
1646 2842 43 40 très
1735 2840 161 41 personnelle
1942 2838 221 42 d’accompagner
2200 2837 29 41 les
2275 2836 46 41 soli
2355 2836 18 40 de

1322 2873 81 49 Vitous
1436 2873 90 48 montra
1563 2872 37 47 que
1640 2872 73 46 même
1750 2872 57 45 dans
1844 2872 20 44 un
1900 2872 57 43 style
1994 2871 130 43 beaucoup
2164 2871 47 41 plus
2251 2871 124 40 classique

1318 2910 10 49 il
1362 2909 126 50 surclasse
1529 2909 11 49 à
1570 2909 48 48 mon
1659 2908 55 49 sens
1751 2908 51 48 tous
1840 2907 37 49 ses
1915 2906 164 49 congénères
2119 2906 31 48 (Jim
2201 2906 52 47 Hall
2287 2905 0 48 &
2331 2905 48 47 Billx

1321 2947 77 55 Bauer
1428 2946 149 55 exceptés),
1603 2946 39 52 par
1668 2946 12 51 la
1710 2945 138 52 tendresse
1882 2945 15 49 et
1928 2945 122 48 l’émotion
2084 2945 38 46 qui
2149 2945 15 45 se
2198 2944 134 45 dégagent
2358 2944 20 42 de

125 1121 71 50 Herbie
230 1120 55 50 Mann
319 1120 17 48 (à
363 1118 109 50 gauche);
500 1117 85 49 Joachin
619 1116 51 49 Kuhn
704 1116 14 48 et
749 1115 41 48 Egie
827 1114 62 48 Thelin
923 1113 17 48 (à
970 1112 75 48 droite)
1073 1112 6 47 à
1110 1110 133 49 Vincennes.

119 1214 54 46 Gala
212 1214 17 46 de
269 1213 60 46 jazz,
361 1212 160 47 Vincennes,
549 1212 25 46 21
610 1212 42 46 mai

117 1306 0 49 A
158 1304 160 50 Vincennes,
345 1303 83 47 l’Ecole
465 1302 37 46 des
539 1301 93 46 Cadres
669 1300 57 44 nous
760 1299 0 43 a
796 1298 104 44 permis,
927 1297 57 42 pour
1010 1297 14 40 la
1057 1295 117 42 coquette

118 1343 88 47 somme
243 1343 19 45 de
297 1342 19 45 20
350 1342 19 44 ou
404 1341 18 44 30
457 1340 97 44 francs,
580 1338 135 45 d’assister
743 1338 9 42 à
781 1338 18 41 un
834 1336 116 43 véritable
985 1335 60 41 petit
1070 1334 114 41 festival,

120 1380 0 40 «
161 1378 97 41 Gala»
299 1377 18 41 si
349 1376 56 41 vous
446 1376 0 40 y
487 1374 100 42 tenez...
623 1373 17 41 La
684 1370 188 44 manifestation
917 1369 17 42 se
978 1367 97 43 déroula
1119 1366 56 43 dans

118 1415 129 41 l’enceinte
290 1414 64 39 d’une
396 1412 102 40 caserne
541 1409 160 41 désaffectée
747 1408 35 38 qui
816 1406 166 39 ressemblait
1017 1405 19 37 en
1076 1403 107 39 l’occur¬

118 1453 69 47 rence
221 1452 48 45 bien
303 1451 47 44 plus
385 1451 9 42 à
419 1450 19 42 un
476 1449 94 42 hangar
599 1447 173 41 frigorifique.

117 1489 23 48 Et
167 1488 95 48 comme
301 1487 19 47 ils
355 1486 59 48 sont
446 1485 40 48 très
525 1484 70 48 libres
634 1483 105 47 d’esprit
771 1482 37 46 ces
847 1481 87 46 jeunes
973 1480 102 46 cadres,
1107 1479 70 45 après

117 1532 56 40 nous
208 1531 64 40 avoir
302 1529 85 41 infligé
416 1528 39 41 une
490 1527 70 41 heure
599 1525 85 42 durant
716 1525 26 40 les
778 1522 164 43 redoutables
980 1521 62 41 Dixie
1077 1519 97 42 Players

121 1567 118 47 délégués
278 1566 40 45 par
350 1565 10 42 le
399 1564 72 41 HCF,
501 1563 19 43 ils
556 1562 72 47 firent
661 1560 95 47 monter
792 1559 36 45 sur
861 1557 72 40 scène
972 1557 19 40 un
1031 1556 39 41 Léo
1112 1554 69 43 Ferré

119 1606 47 42 plus
204 1605 0 41 «
242 1604 53 42 anar
330 1603 0 41 »
366 1602 20 42 et
416 1601 47 42 plus
501 1598 106 43 grivois,
636 1597 50 42 bref
719 1595 47 43 plus
804 1593 70 43 poète
913 1592 38 43 que
989 1590 100 43 jamais.
1117 1588 60 43 Mais

119 1642 26 38 ici
178 1641 56 38 nous
272 1639 59 39 nous
369 1636 138 41 garderons
548 1635 48 40 bien
637 1634 20 40 de
699 1632 55 41 vous
796 1630 76 42 parler
907 1629 21 41 de
969 1627 86 43 poésie
1096 1626 20 42 ou
1158 1625 17 42 de

121 1673 133 42 révolution
294 1672 0 41 :
322 1672 49 40 tout
403 1671 9 40 le
449 1670 86 41 monde
572 1669 46 40 sait
650 1669 46 39 bien
733 1668 40 39 que
811 1667 86 39 depuis
931 1666 12 38 le
980 1665 86 39 départ
1098 1665 20 37 de
1158 1664 18 37 Le

122 1709 59 43 Bris,
207 1709 9 42 il
242 1708 21 42 ne
298 1707 59 43 reste
392 1707 47 41 plus
475 1706 8 41 à
510 1705 47 42 Jazz
592 1705 41 41 Hot
663 1704 38 41 que
733 1703 12 41 la
780 1702 74 41 vieille
889 1701 71 41 garde
995 1700 47 40 bien
1077 1699 106 40 conser¬

121 1745 105 41 vatrice.
256 1743 160 42 Retournons
456 1742 59 42 donc
555 1739 138 44 sagement
730 1739 9 43 à
770 1738 12 43 la
822 1736 129 45 musique.

122 1778 197 50 Consternation
361 1777 20 46 et
414 1775 180 47 écroulement
630 1774 78 44 parmi
741 1774 26 42 les
810 1772 164 42 spectateurs
1016 1772 0 38 :
1049 1771 10 39 le
1101 1770 82 39 retour

122 1816 37 40 des
196 1815 60 40 Dixie
296 1812 97 43 Players
430 1811 37 43 qui
497 1810 57 43 nous
594 1807 127 46 achèvent
754 1807 10 45 à
791 1805 70 47 grand
901 1804 57 47 coup
998 1803 17 47 de
1055 1801 70 49 Some
1165 1800 20 49 of

125 1848 68 47 These
234 1847 58 47 Days
329 1847 20 46 et
380 1847 17 45 de
438 1845 181 46 Embraceable
660 1844 57 45 You.
748 1843 65 45 Cette
850 1842 89 45 fois-ci
970 1842 6 43 la
1017 1840 160 45 plaisanterie

122 1886 144 48 commence
301 1885 10 46 à
337 1883 99 47 prendre
475 1882 19 46 un
529 1881 48 46 tour
609 1879 103 47 quelque
747 1878 39 45 peu
821 1875 141 47 saumâtre,
991 1873 112 46 d’autant
1132 1872 48 45 plus

122 1928 66 39 qu’on
229 1926 57 39 nous
326 1924 112 40 annonce
478 1921 158 41 maintenant
671 1920 17 40 un
731 1919 74 40 défilé
837 1918 20 40 de
897 1916 66 41 mode
1006 1914 121 41 jerkisant
1158 1913 0 40 —

123 1961 74 42 moins
235 1960 66 41 d’une
341 1958 152 42 demi-heure
533 1957 69 41 après
640 1956 37 40 que
717 1954 92 41 chaque
849 1952 178 41 dénonciation
1068 1951 37 40 des
1142 1950 46 40 tur¬

123 1998 96 44 pitudes
261 1997 18 43 de
321 1996 9 43 la
375 1994 99 44 société
510 1994 18 42 de
573 1990 205 46 consommation
823 1989 36 43 par
898 1989 9 42 le
952 1987 69 43 grand
1066 1986 39 43 Léo
1150 1985 36 43 eut

123 2032 108 43 soulevé
261 2031 35 42 des
331 2029 133 43 tonnerres
499 2025 288 44 d’applaudissements
825 2024 17 40 et
872 2023 38 41 une
945 2022 62 41 forêt
1036 2022 21 39 de
1095 2020 85 40 poings

125 2070 16 39 en
177 2068 76 40 l’air...
281 2067 112 40 Résultat
423 2066 0 39 :
451 2066 19 39 un
508 2063 189 41 quart-d’heure
733 2062 71 39 assez
840 2060 93 40 pénible
969 2059 57 39 pour
1056 2058 30 39 les
1122 2057 66 39 quel¬

123 2102 54 44 ques
216 2101 111 43 minettes
366 2100 40 42 qui
436 2099 99 42 avaient
568 2098 57 41 pour
658 2097 99 41 mission
799 2096 18 40 de
856 2096 57 39 nous
953 2094 90 40 exciter
1076 2093 60 39 pour
1169 2093 9 37 le

124 2140 96 41 compte
252 2139 36 41 des
323 2137 128 42 Cacharel
474 2136 19 42 et
519 2134 131 44 consorts,
673 2133 19 43 et
718 2132 35 44 qui
779 2131 86 44 durent
891 2129 93 45 jongler
1013 2128 19 45 du
1064 2126 119 47 croupion

125 2176 18 39 au
183 2174 74 40 milieu
300 2173 66 40 d’une
410 2172 54 39 pluie
510 2171 17 39 de
573 2169 98 40 détritus
714 2168 77 40 divers
834 2167 18 39 et
889 2166 57 40 dans
989 2165 9 39 le
1041 2163 138 41 tohu-bohu

124 2209 106 44 infernal
261 2209 18 42 du
319 2207 75 43 public
431 2206 40 42 qui
500 2204 115 43 rythmait
643 2204 0 41 —
704 2203 8 41 à
744 2202 55 41 juste
836 2201 43 41 titre
916 2201 0 39 —
977 2200 8 39 le
1023 2197 166 42 traditionnel

127 2248 0 39 -
170 2243 307 44 ce-n’est-qu’un-début
521 2241 32 46 »...
593 2240 40 47 Bon
679 2239 58 48 sang
784 2237 36 50 que
867 2236 62 51 c’est
968 2234 98 53 difficile
1113 2232 72 51 d’être

124 2279 67 43 cadre
221 2278 0 44 !

125 2317 71 41 C’est
226 2315 53 42 dans
316 2312 60 44 cette
413 2308 130 46 ambiance
580 2303 164 49 surchauffée
780 2304 37 46 que
857 2305 124 44 Memphis
1018 2299 40 48 Slim
1104 2303 77 43 monta

125 2353 58 43 enfin
217 2353 38 41 sur
283 2352 72 41 scène
390 2351 0 41 :
415 2351 20 41 un
470 2348 212 43 boogie-woogie
717 2347 97 40 effréné
843 2346 9 39 le
883 2345 78 40 temps
995 2345 20 38 de
1050 2344 17 38 se
1104 2343 83 38 chauf¬

124 2386 32 44 fer
183 2385 28 45 les
246 2385 76 44 doigts
357 2385 17 43 et
406 2384 17 44 de
461 2384 83 44 quitter
576 2383 38 44 son
649 2382 170 45 gigantesque
853 2381 132 44 manteau,
1013 2381 17 43 et
1058 2380 125 44 Memphis

127 2424 54 50 était
214 2424 17 48 au
271 2423 140 48 diapason.
441 2422 17 45 Le
498 2421 50 45 père
592 2420 136 44 Chatman,
755 2419 57 41 dans
852 2419 37 39 une
929 2418 70 39 forme
1039 2416 150 38 sensation¬

125 2462 74 40 nelle,
229 2460 118 41 possédé
380 2460 38 39 par
451 2459 39 39 une
528 2458 66 39 envie
635 2457 19 38 de
695 2456 63 38 jouer
794 2454 132 39 évidente,
956 2453 57 38 nous
1052 2451 131 39 interpréta

125 2496 48 42 tous
212 2496 36 41 ses
287 2494 147 42 classiques
470 2492 93 42 comme
602 2491 127 42 rarement
762 2490 9 41 je
810 2490 30 41 les
879 2489 18 41 ai
927 2487 123 43 entendus
1089 2486 102 42 jouer:

129 2527 67 48 Every
230 2526 60 48 Day,
316 2526 60 48 Baby
410 2526 82 47 Please
529 2525 71 48 Come
634 2525 90 47 Home,
754 2524 119 47 Yancey's
907 2524 116 47 Special,
1046 2523 44 47 Five
1124 2523 60 46 Long

132 2567 85 41 Years.
247 2567 46 41 etc.
325 2567 27 40 Un
391 2566 46 41 vrai
470 2566 68 41 régal
568 2565 19 42 et
620 2565 16 42 un
679 2564 137 42 triomphe.

129 2601 20 46 Le
183 2600 120 46 quartette
336 2599 20 46 de
390 2599 97 45 Joachim
530 2598 63 45 Kühn
627 2598 0 44 :
657 2597 80 44 quatre
770 2596 114 44 hommes
917 2596 37 43 sur
984 2595 90 43 scène,
1097 2594 91 43 tendus

130 2641 35 40 sur
193 2641 57 39 leurs
283 2638 178 41 instruments,
486 2638 63 39 prêts
582 2637 8 39 à
615 2636 49 40 tout
692 2635 112 40 moment
829 2635 8 39 à
864 2633 140 40 s’emparer
1032 2632 19 40 du
1087 2631 109 40 silence.

128 2678 94 43 Joachim
266 2677 35 42 est
334 2676 8 42 à
369 2675 85 43 l’alto;
484 2674 8 42 à
519 2674 38 42 ses
592 2672 68 43 côtés
695 2672 9 41 le
739 2670 130 43 trombone
907 2668 103 43 suédois
1045 2667 30 42 Eje
1116 2666 70 42 Thelin

129 2709 56 46 dont
211 2708 10 46 le
257 2707 95 46 dernier
382 2707 111 45 passage
526 2706 16 44 en
578 2705 89 44 France
700 2704 108 43 remonte
844 2704 10 42 à
880 2703 98 42 Antibes
1014 2703 50 40 1963
1100 2702 16 40 si
1142 2702 46 40 mes

130 2749 132 41 souvenirs
299 2747 54 41 sont
386 2746 99 41 exacts.
512 2743 111 43 Derrière
663 2742 54 42 eux,
744 2741 72 42 Jenny
852 2739 63 43 Clark
957 2738 18 43 et
1008 2736 103 44 Thollot.
1144 2735 51 44 Tout

130 2781 9 43 à
165 2781 53 42 coup
256 2780 18 42 ça
306 2780 62 42 part,
392 2780 17 41 ça
445 2779 103 41 éclate;
574 2779 18 39 ça
630 2778 109 40 démarre
774 2778 36 38 sur
839 2778 26 37 les
901 2777 129 38 chapeaux
1063 2777 20 36 de
1119 2776 70 36 roues

133 2819 53 40 avec
224 2818 37 40 une
302 2815 91 42 vitesse
434 2814 16 42 et
481 2813 41 42 une
559 2811 113 44 violence
710 2807 210 46 indescriptibles
961 2806 19 44 et
1012 2805 18 45 ça
1068 2802 119 47 surprend

131 2856 37 40 une
204 2855 76 40 bonne
314 2854 73 39 partie
420 2853 20 39 du
474 2851 75 40 public
586 2850 36 40 qui
647 2850 17 39 se
701 2849 45 39 met
774 2848 8 40 à
810 2847 68 40 huer,
903 2847 8 39 à
939 2845 76 40 siffler
1043 2845 20 39 et
1091 2844 8 39 à
1124 2843 71 40 bran¬

132 2889 25 40 dir
191 2888 39 40 des
267 2887 126 40 drapeaux
432 2886 82 40 blancs
556 2886 0 38 :
587 2886 19 38 on
645 2885 90 38 n’avait
766 2885 39 37 pas
845 2884 17 37 vu
904 2884 44 36 cela
988 2883 84 36 depuis
1111 2882 73 36 shepp

133 2924 9 46 à
167 2923 85 46 Pleyel
280 2922 16 46 en
337 2921 69 46 1967.
431 2921 22 44 Et
481 2920 66 45 voui,
572 2920 13 43 le
619 2919 44 44 free
701 2918 41 43 jazz
776 2917 113 43 parvient
920 2916 88 42 encore
1046 2915 9 41 à
1081 2914 113 42 choquer

133 2957 99 47 ceux-là
271 2956 73 46 même
389 2955 39 46 qui
466 2954 128 46 n’avaient
633 2953 38 45 pas
716 2952 115 45 bronché
870 2951 38 44 une
956 2950 68 44 heure
1072 2950 44 43 plus
1165 2949 28 42 tôt

132 2999 94 50 lorsque
270 2998 71 50 Ferré
372 2996 106 51 bouffait
514 2995 20 51 du
577 2995 31 51 flic
648 2994 15 51 et
699 2992 150 53 déculottait
884 2991 28 52 les
951 2989 157 54 bourgeois.
1140 2988 55 53 Per¬

131 3058 27 42 34

1320 2986 37 54 son
1395 2986 272 60 accompagnement.
