2480 3183
102 343 74 54 EDDY
224 343 126 52 LOUISS,
387 344 77 49 RENÉ
505 344 140 48 THOMAS

104 394 21 44 et
168 394 145 43 BERNARD
362 394 103 40 LUBAT
511 383 11 49 à
557 386 114 45 l’Apollo

102 480 26 38 On
173 480 45 39 sait
256 480 36 39 que
337 479 141 42 messieurs
523 479 94 43 Caruso
658 479 20 43 et
716 479 78 44 Lorin,

99 518 40 39 qui
172 517 133 39 président
340 516 56 39 avec
439 515 168 39 compétence
650 515 19 37 et
704 514 88 38 gentil¬

98 549 65 50 lesse
207 549 38 48 aux
286 550 132 46 destinées
459 550 17 43 de
521 550 119 42 l’Apollo,
674 551 37 38 ont
745 551 38 37 une

100 589 101 38 passion
245 588 58 38 pour
339 587 11 38 le
391 587 44 38 jazz
476 586 16 38 en
536 584 107 40 général
679 584 17 39 et
731 583 58 39 pour

100 624 28 40 les
165 624 59 40 bons
260 624 144 39 organistes
443 624 17 38 de
499 624 45 38 jazz
581 624 17 38 en
637 624 157 38 particulier.

100 657 70 45 C’est
197 657 63 45 ainsi
288 657 66 45 qu’ils
389 657 38 45 ont
455 657 105 45 engagé
588 657 55 45 pour
675 657 20 45 un
730 657 56 45 mois

100 698 17 39 ce
156 697 53 40 trio.
244 696 53 40 Tous
332 695 27 40 les
400 694 135 41 musiciens
573 691 209 43 professionnels

101 733 122 40 estiment
274 733 107 45 qu’Eddy
437 732 38 37 est
525 732 211 37 probablement,
786 732 10 37 à

101 763 88 46 l’heure
233 763 123 44 actuelle,
390 764 10 42 le
444 764 110 41 meilleur
595 764 126 39 organiste
765 765 19 36 de

98 802 44 48 jazz
179 801 16 48 au
236 800 103 48 monde.
366 800 10 46 Il
406 800 0 45 y
443 799 0 45 a
480 798 144 46 longtemps
661 798 57 43 déjà
748 797 37 43 que

102 839 65 39 René
211 838 99 39 Thomas
356 838 33 38 est
428 837 139 39 considéré
608 836 91 38 comme
745 836 39 37 l’un

102 875 35 39 des
179 875 46 39 plus
267 874 104 39 grands,
401 874 36 39 sur
470 874 11 39 la
525 873 107 40 guitare.
665 873 68 39 C’est
766 873 20 39 en

98 907 51 47 tous
184 908 36 45 cas
255 908 9 45 le
300 909 45 44 plus
383 909 0 43 «
415 909 64 43 crazy
515 910 19 41 ».
559 910 84 41 Quant
672 911 6 39 à
704 911 86 39 Lubat,

101 944 61 42 c’est
205 944 17 42 un
269 945 223 42 percussionniste
539 945 131 43 accompli
706 946 20 42 et
763 946 20 42 un

103 982 125 43 drummer
264 981 20 43 de
326 978 89 46 grande
458 976 99 47 classe.

101 1023 18 42 La
159 1021 111 50 musique
310 1021 18 52 de
369 1020 18 45 ce
424 1019 33 46 trio
497 1019 37 47 est
567 1018 66 49 d’une
670 1016 110 53 richesse

100 1064 20 37 et
157 1063 63 38 d’une
266 1061 144 39 inspiration
454 1060 80 40 rares.
569 1059 46 41 Que
658 1058 55 41 ceux
756 1057 37 42 qui

99 1099 18 45 ne
155 1098 57 45 l’ont
243 1098 38 44 pas
318 1097 88 45 encore
444 1096 104 44 entendu
585 1095 19 44 se
642 1094 151 45 consolent.

104 1131 53 46 Yves
205 1131 167 45 Chamberlan
416 1132 15 42 l’a
476 1132 157 41 enregistrée
677 1133 107 38 presque

96 1168 50 46 tous
181 1169 28 45 les
244 1169 76 45 soirs.

445 1193 87 60 Patrick
576 1188 217 61 CALLAGHAM.

100 1329 59 48 D"UN
215 1329 66 47 CLUB
330 1329 0 45 A
386 1329 128 45 L'AUTRE

101 1413 0 42 *
142 1406 23 49 Au
202 1408 0 47 «
239 1410 60 45 Chat
329 1404 37 50 qui
393 1405 74 49 pêche
501 1411 15 43 »,
542 1404 11 50 le
587 1403 34 51 trio
658 1406 19 47 de
714 1409 75 44 Geor¬

102 1451 37 45 ges
180 1451 130 45 Arvanitas
351 1451 34 44 est
419 1450 105 45 revenu,
555 1450 55 45 avec
651 1450 139 44 l’étonnant

102 1488 121 39 saxo-alto
268 1488 112 39 polonais
423 1487 118 40 Zbigniew
588 1487 206 39 Namyslowski.

102 1522 53 41 Tous
192 1523 81 40 quatre
312 1523 37 40 ont
382 1524 183 39 accompagné
604 1525 33 38 Ted
679 1525 110 38 Curson,

101 1557 74 45 aussi
210 1557 10 44 à
255 1557 64 44 l’aise
364 1557 58 43 dans
463 1557 151 42 l’exécution
659 1557 19 40 de
726 1557 64 40 stan¬

103 1595 70 42 dards
209 1594 37 45 que
287 1594 22 47 de
349 1593 81 51 pièces
471 1592 18 50 se
530 1590 176 52 rapprochant
739 1589 48 48 plus

102 1632 18 48 de
165 1630 207 51 l’avant-garde.

101 1686 0 45 *
150 1687 23 44 Au
216 1687 0 45 «
256 1687 62 45 Gill’s
357 1688 53 44 Club
453 1689 16 44 »,
502 1689 20 44 on
564 1690 0 43 a
604 1690 19 43 pu
666 1691 118 43 entendre

100 1727 76 43 divers
220 1727 165 42 orchestres,
420 1727 18 41 au
485 1727 68 41 cours
597 1727 21 40 du
662 1727 56 40 mois
765 1727 17 39 de

101 1759 58 52 juin.
195 1759 18 45 Le
257 1759 87 49 flûtiste
391 1759 94 51 Michel
521 1759 76 48 Edelin
641 1759 61 45 s’est
742 1759 51 42 pro¬

103 1801 46 39 duit
186 1801 27 38 les
258 1801 129 38 samedis.
424 1800 22 38 En
491 1800 128 37 semaine,
654 1800 11 36 le
710 1800 75 36 public

99 1839 20 38 du
158 1838 65 39 Gill’s
259 1838 0 38 a
298 1837 39 39 fait
366 1837 11 38 la
416 1835 193 40 connaissance
649 1834 44 39 d’un
733 1833 59 39 nou¬

100 1870 55 43 veau
191 1869 36 44 trio
267 1868 55 45 avec
362 1868 62 45 Alain
466 1867 72 46 Hatot
571 1866 101 47 (ténor),
705 1865 82 48 Didier

100 1904 111 44 Levallet
242 1904 105 43 (basse)
377 1905 19 41 et
427 1905 110 41 Jean-My
580 1905 83 40 Truong
704 1906 89 38 (batte¬

100 1943 54 41 rie),
181 1943 45 41 puis
265 1943 18 40 de
319 1943 148 40 l’ensemble
506 1943 18 40 de
563 1943 114 40 free-jazz
716 1943 0 39 «
749 1943 42 39 As¬

102 1982 121 35 sociation
259 1981 93 37 vivante
392 1981 16 37 »,
437 1981 75 37 dirigé
543 1981 37 37 par
611 1980 11 39 le
659 1980 126 39 guitariste

101 2014 124 42 Raymond
263 2013 59 42 Boni
351 2013 38 42 qui
416 2013 0 42 a
451 2013 80 41 laissé
560 2013 39 41 une
634 2012 150 42 impression

103 2051 71 43 assez
221 2051 110 46 mitigée.
368 2051 60 45 Enfin
472 2051 33 43 Jef
545 2051 101 46 Gilson,
683 2051 37 43 qui
756 2051 41 42 ex¬

101 2086 69 44 ploite
209 2086 30 44 les
278 2086 157 44 possibilités
474 2086 20 43 du
537 2086 65 43 piano
642 2086 153 43 électrique,

101 2122 0 40 a
140 2122 124 40 présenté
295 2122 36 39 son
370 2122 54 39 trio,
454 2122 17 38 au
510 2122 82 38 retour
625 2122 65 38 d’une
729 2122 62 37 fruc¬

101 2153 84 45 tueuse
236 2153 97 44 tournée
383 2153 10 43 à
430 2152 192 44 Madagascar.
660 2152 125 43 Raymond

101 2189 61 46 Boni
192 2190 57 46 tient
282 2190 20 46 là
333 2191 70 45 aussi
436 2191 11 46 la
487 2192 87 45 guitare
617 2193 17 44 et
668 2193 117 45 Bertrand

99 2224 120 49 Gauthier
253 2227 34 47 est
320 2228 12 47 à
362 2228 7 48 la
407 2229 120 50 batterie.

907 348 116 53 APOLLO,
1055 346 32 54 27,
1119 357 28 43 rue
1187 346 89 53 d’Artois
1316 346 44 52 (8e).
1392 347 56 51 BAL.
1484 350 64 47 18-92.

912 394 0 37 A
946 394 59 38 partir
1033 394 17 38 du
1081 394 0 38 7
1112 394 0 38 :
1137 394 71 38 Archie
1239 394 84 39 Shepp.

916 443 96 41 CAVEAU
1051 443 19 41 DE
1104 443 17 41 LA
1155 443 148 41 HUCHETTE,
1329 443 14 41 5,
1368 443 25 41 rue
1427 443 14 41 de
1475 443 8 41 la
1514 443 37 41 Hu¬

914 477 64 37 chette
1017 477 41 38 (5e).
1090 477 62 39 DAN.
1184 477 62 39 65-05.
1281 477 177 40 Consommation
1499 477 0 41 7
1534 477 15 41 F.

915 505 46 42 Tous
990 506 27 41 les
1049 506 50 42 soirs
1131 507 17 42 de
1180 508 17 41 21
1226 508 0 41 h
1259 508 13 42 30
1305 509 6 41 à
1338 509 0 42 1
1367 509 0 42 h
1400 510 13 41 30
1446 510 95 43 (matinée

910 537 10 43 le
952 537 132 43 dimanche).
1110 537 52 43 Dany
1192 537 59 43 Doriz
1280 537 85 43 Septet.

915 588 96 37 CAVEAU
1057 588 20 37 DE
1118 588 15 37 LA
1176 588 165 37 MONTAGNE,
1377 588 25 37 18,
1433 588 25 37 rue
1499 588 50 37 Des¬

915 619 66 38 cartes
1015 619 41 39 (5e).
1088 618 60 41 ODE.
1179 617 63 42 82-39.
1274 616 179 44 Consommation
1491 615 9 46 10
1538 615 13 46 F.

911 652 68 41 Jeudi,
1001 652 115 40 vendredi,
1139 652 84 39 samedi
1245 652 14 38 de
1290 652 14 37 22
1332 652 0 37 h
1361 652 8 37 à
1389 652 0 37 2
1417 652 16 36 h.
1456 652 93 36 Orches¬

910 680 35 43 tres
972 681 36 42 New
1043 682 104 41 Orleans.

913 728 64 45 CHAT
1007 729 45 44 QUI
1078 729 94 45 PECHE,
1195 730 15 45 4,
1232 731 27 44 rue
1289 731 18 45 de
1337 732 12 44 la
1379 732 101 45 Huchette
1506 723 45 55 (5e).

914 765 62 37 DAN.
1011 765 65 37 23-06.
1111 765 177 39 Consommation
1332 765 9 39 15
1382 765 18 40 F.
1435 765 44 40 Tous
1521 765 23 41 les

910 799 51 35 soirs
997 799 15 35 de
1048 798 15 36 22
1096 798 0 35 h
1132 798 7 35 à
1167 798 0 35 3
1200 798 18 35 h.
1249 798 68 35 Fermé
1348 797 117 36 mercredi.
1490 797 56 35 (Pro¬

912 827 87 41 gramme
1030 826 31 40 non
1095 822 174 43 communiqué.)

912 882 18 44 LA
963 882 106 44 CIGALE,
1099 883 39 43 124,
1162 883 15 43 bd
1210 883 168 43 Rochechouart
1403 884 54 42 (18e).
1487 885 36 41 Tél.
1550 885 0 41 :

916 919 70 35 MON.
1012 918 64 37 59-29.
1101 918 180 37 Consommation
1312 918 0 37 4
1346 918 0 37 F
1379 917 14 39 et
1421 917 0 39 6
1455 917 17 39 F.
1500 917 45 39 Tous

913 949 25 44 les
973 949 48 45 soirs
1056 949 17 46 de
1105 950 17 46 21
1153 950 0 46 h
1185 950 14 47 30
1233 950 7 47 à
1268 950 0 48 2
1300 950 17 49 h.
1341 950 73 50 Fermé
1439 951 10 39 le
1480 951 70 49 jeudi.

916 977 115 52 Orchestre
1063 979 22 46 Al
1110 980 75 44 Lirvat.

913 1032 71 37 GILL'S
1030 1032 76 37 CLUB,
1142 1032 12 37 7,
1188 1032 25 37 rue
1256 1032 293 37 Sainte-Croix-de-la-Bre¬

913 1061 92 45 tonnerie
1035 1061 39 45 (4e).
1097 1061 63 45 LOU.
1179 1061 66 45 05-95.
1268 1061 178 44 Consommation
1472 1061 0 44 :
1498 1061 10 44 12
1534 1061 17 44 F.

913 1096 104 36 étudiants
1049 1096 11 36 10
1092 1097 16 35 F.
1137 1097 43 36 Tous
1212 1097 24 36 les
1268 1097 51 37 soirs
1348 1097 16 37 de
1396 1098 16 36 22
1439 1098 0 36 h
1471 1098 8 37 à
1501 1098 0 37 4
1533 1098 16 37 h.

911 1124 70 39 Fermé
1011 1124 9 40 le
1052 1124 126 41 dimanche.
1202 1125 97 40 Jusqu’au
1331 1125 0 41 6
1364 1125 67 41 juillet
1458 1126 0 40 :
1487 1126 50 41 Alain

911 1152 62 43 Hatot
1005 1153 50 41 Trio.
1084 1153 24 41 Du
1146 1153 0 41 7
1178 1154 15 39 au
1231 1154 15 39 11
1279 1154 0 39 :
1308 1154 41 39 Mal
1379 1155 108 37 Waldron.
1517 1156 20 35 Du

915 1186 9 41 13
956 1186 15 41 au
1003 1185 18 42 31
1051 1185 0 42 :
1077 1185 44 42 Nico
1157 1184 68 43 Nissim
1269 1184 50 43 Trio.

912 1230 78 44 LIVING
1027 1230 90 44 ROOM,
1141 1230 30 44 25,
1195 1230 27 44 rue
1253 1230 15 44 du
1301 1230 84 44 Colisée
1418 1230 40 44 (8e).
1485 1230 39 44 Tél.
1548 1230 0 44 :

914 1267 50 38 ELY.
984 1267 65 39 25-29.
1072 1267 180 41 Consommation
1284 1267 9 41 15
1322 1267 18 41 F.
1366 1267 44 42 Tous
1437 1267 26 42 les
1489 1267 53 43 soirs

915 1301 17 35 de
965 1301 13 35 22
1011 1301 0 34 h
1042 1301 7 34 à
1075 1300 0 35 4
1105 1300 18 35 h.
1151 1300 68 35 Fermé
1247 1300 10 34 le
1290 1299 125 35 dimanche.
1443 1299 28 35 Art
1499 1299 50 34 Sim¬

911 1331 53 39 mons
994 1331 29 39 trio
1055 1331 16 39 et
1098 1331 61 39 Aaron
1191 1331 110 39 Bridgers.
1325 1331 80 39 (Fermé
1432 1331 16 39 en
1480 1331 64 39 août.)

913 1377 15 44 LE
962 1376 52 46 TOIT
1044 1375 22 47 DE
1100 1374 67 49 PARIS
1201 1373 71 50 (Hôtel
1298 1372 93 52 Hylton),
1418 1371 26 53 18,
1466 1371 34 54 av.
1522 1370 19 55 de

909 1414 97 38 Suffren,
1027 1414 51 39 Paris
1108 1415 54 39 (15e).
1189 1415 43 40 Tous
1262 1415 24 40 les
1316 1415 51 41 soirs
1394 1416 54 41 (sauf
1473 1416 75 42 lundi).

913 1442 104 42 Stéphane
1051 1442 114 43 Grappelli
1188 1442 17 43 et
1232 1442 30 44 son
1296 1442 124 45 Quintette.

915 1487 161 45 RIVERBOAT,
1103 1490 31 42 67,
1159 1491 27 41 rue
1220 1491 259 43 Saint-André-des-Arts
1510 1495 43 39 (6e).

911 1526 48 42 Sans
988 1527 129 41 téléphone.
1140 1528 179 40 Consommation
1347 1529 12 39 10
1387 1530 18 38 F.
1428 1530 69 38 Soirée
1525 1531 18 37 de

912 1557 12 43 22
956 1557 0 43 h
986 1558 8 42 à
1018 1558 0 42 2
1051 1558 17 41 h.
1092 1558 82 41 (Fermé
1201 1559 86 40 jusqu’à
1310 1560 80 39 nouvel
1416 1560 80 38 ordre.)

913 1604 58 44 SLOW
1024 1601 76 51 CLUB,
1134 1603 38 51 130,
1207 1600 26 55 rue
1271 1607 16 40 de
1325 1610 80 40 Rivoll,
1435 1610 114 43 Paris-ler,

914 1642 38 39 Tél.
978 1642 0 39 :
1005 1643 59 39 GUT.
1087 1643 65 40 84-30.
1178 1644 194 40 Consommations
1404 1645 12 39 13
1445 1645 15 39 et
1486 1646 12 39 15
1530 1646 15 39 F.

917 1669 46 38 Tous
997 1669 25 39 les
1056 1669 52 41 soirs
1141 1670 16 40 de
1191 1670 15 41 21
1237 1671 0 41 h
1270 1671 16 42 30
1320 1672 6 41 à
1356 1672 0 42 1
1387 1672 0 42 h
1421 1673 28 42 30.
1476 1673 71 44 Fermé

908 1702 8 41 le
955 1702 65 41 lundi.
1048 1703 129 40 Dimanche,
1208 1704 87 38 matinée
1332 1705 11 37 15
1380 1705 14 37 h.
1425 1705 115 36 Orchestre

910 1734 51 40 Marc
993 1736 131 44 Laferrière.

918 1780 66 48 TROIS
1020 1782 137 46 MAILLETZ,
1180 1784 30 44 56,
1233 1785 26 43 rue
1295 1785 92 43 Galande
1416 1787 43 41 (5e).
1488 1788 40 40 Tél.
1550 1789 0 39 :

915 1819 59 38 ODE.
1000 1819 65 38 00-79.
1092 1820 179 39 Consommation
1307 1820 11 40 18
1351 1820 17 40 F.
1395 1821 79 40 Ouvert
1501 1821 41 41 tous

910 1851 27 39 les
971 1851 49 39 soirs
1054 1851 46 39 avec
1134 1851 38 39 Bill
1199 1851 98 39 Coleman
1332 1851 16 39 et
1378 1851 77 39 Claude
1490 1851 56 39 Guil¬

914 1883 31 39 hot
970 1883 45 39 avec
1043 1883 20 39 R.
1088 1883 95 39 Urtreger
1211 1883 14 39 et
1248 1883 20 39 R.
1290 1883 65 39 Raux.

915 1925 16 44 LA
968 1926 30 44 VIE
1032 1926 154 45 PARISIENNE
1220 1928 166 44 (ex-Gaslight).
1413 1930 139 43 Restaurant.

919 1964 33 42 Trio
984 1965 76 44 Patrice
1097 1967 75 45 Galas.

914 2014 182 43 CALAVADOS,
1118 2015 27 43 rue
1173 2015 179 44 Pierre-Charron
1379 2016 43 44 (8e).
1447 2017 46 44 Tous
1521 2017 25 44 les

916 2053 52 46 soirs
997 2053 0 44 :
1022 2053 30 43 Joe
1087 2053 81 41 Turner.

914 2095 121 52 ECUSSON
1085 2109 0 39 :
1122 2109 29 39 13,
1184 2109 25 40 rue
1255 2093 125 57 Tiquetone,
1417 2094 54 57 Paris
1508 2101 43 51 (2e).

918 2139 37 43 Tél.
989 2139 0 42 :
1023 2139 123 42 236-57-46;
1180 2140 40 39 tous
1260 2140 25 38 les
1325 2140 52 37 soirs
1414 2141 46 36 sauf
1494 2141 56 35 lundi

915 2171 15 37 de
963 2171 15 38 22
1008 2171 0 38 h
1044 2171 6 39 à
1075 2172 0 38 2
1108 2172 0 38 h
1141 2172 0 39 :
1168 2172 54 39 Mezz
1255 2172 93 41 Mezzrow
1387 2172 46 42 avec
1466 2173 81 42 Gilbert

1004 169 439 174 CABAREIS

915 2198 49 45 Rost
993 2198 122 47 Quartette.

172 2369 345 141 APOLLO
632 2369 210 142 CLUE

213 2542 66 57 27.
322 2541 62 62 Rue
436 2540 187 62 d’Artois,
667 2539 170 61 Paris-8e

377 2599 50 46 Tél.
448 2600 0 45 :
487 2601 71 44 BAL.
598 2594 78 51 18-92

163 2685 0 60 A
233 2684 108 67 partir
393 2684 32 63 du
491 2684 0 61 7
552 2683 122 66 Juillet
712 2692 0 49 :

171 2767 423 125 ARCHIE
730 2770 237 122 SHEP

653 2911 159 84 (fermé
867 2910 31 74 en
971 2908 141 89 Août)

1668 348 90 58 DANY
1808 352 90 53 DORIZ
1947 353 12 51 à
1996 352 12 52 la
2057 346 139 58 Huchette

1666 479 20 49 Le
1720 478 106 49 septette
1864 477 17 49 de
1918 476 62 49 Dany
2014 475 68 49 Doriz
2113 474 109 49 succède
2256 474 11 48 à
2290 473 69 49 René

1667 521 87 41 Franck
1797 521 20 40 et
1851 521 75 40 Maxim
1977 521 92 39 Saury.
2101 521 29 38 On
2173 521 0 38 a
2213 521 144 38 heureuse¬

1666 561 66 40 ment
1763 560 66 41 parlé
1864 558 161 43 quelquefois
2062 557 57 44 dans
2157 557 35 44 ces
2233 555 119 46 colonnes

1669 595 20 43 de
1725 594 86 44 Doriz,
1840 594 16 44 et
1886 594 10 44 à
1922 594 59 44 juste
2020 593 63 45 titre,
2112 593 56 45 cette
2207 592 105 46 année;
2342 592 10 46 la

1667 632 129 38 formation
1838 632 8 37 le
1888 631 82 38 mérite
2012 631 17 38 et
2065 630 118 39 s’efforce
2228 630 19 38 de
2289 629 65 39 jouer

1667 670 35 39 sur
1735 669 39 39 des
1810 668 164 40 classiques,
2005 668 35 38 des
2079 667 93 38 thèmes
2210 667 20 37 de
2271 666 88 38 Hamp¬

1665 702 51 40 ton,
1754 701 57 40 etc.,
1852 701 37 40 des
1938 699 193 41 arrangements
2180 699 17 39 de
2246 698 107 40 Jacques

1668 739 129 37 Denjean,
1830 738 48 39 tout
1914 738 21 39 en
1980 738 124 39 essayant
2143 738 18 39 de
2206 737 153 41 conserver,

1667 770 58 50 pour
1752 770 10 48 la
1797 770 119 48 cohésion
1950 770 21 45 de
2005 770 167 45 l’ensemble,
2196 770 21 42 un
2251 770 106 41 person¬

1667 811 36 40 nel
1733 811 95 43 stable.

1670 884 25 46 Du
1737 884 113 46 nouveau
1893 884 18 46 ce
1953 884 46 46 soir
2038 885 57 46 dans
2134 885 10 46 la
2187 885 170 46 formation:

1669 927 69 40 Wani
1771 927 91 39 Hinder
1895 926 19 39 au
1958 925 151 39 saxo-ténor
2145 924 60 38 (qui,
2238 923 118 38 vraisem¬

1667 963 157 41 blablement
1852 962 92 42 restera
1981 962 52 42 chez
2070 962 80 42 Doriz)
2181 961 27 43 et,
2236 961 123 43 surprise,

1671 995 85 43 Franco
1800 994 157 44 Manzecchi
1992 994 9 44 à
2036 994 9 44 la
2086 993 120 45 batterie,
2240 993 66 45 qu’on
2350 993 0 45 a

1667 1032 132 41 l’habitude
1838 1031 144 41 d’entendre
2020 1031 56 40 dans
2112 1030 106 40 d’autres
2256 1030 103 40 contex¬

1665 1071 33 40 tes
1737 1070 20 44 (le
1796 1070 36 47 trio
1871 1069 20 42 de
1930 1068 102 46 Roques
2071 1068 20 46 en
2130 1066 167 46 particulier).
2330 1066 20 41 En

1667 1106 38 39 fait
1737 1105 157 40 Manzecchi
1923 1105 18 40 se
1979 1104 77 41 révèle
2094 1104 41 41 être
2174 1104 20 41 un
2232 1103 127 42 excellent

1666 1137 100 43 batteur
1801 1137 0 43 «
1840 1137 86 45 middle
1965 1137 0 45 »
2004 1137 17 45 et
2053 1137 178 47 accompagne
2274 1137 0 41 »
2313 1137 46 38 mo¬

1666 1177 70 37 derne
1779 1177 0 37 »
1819 1176 51 38 tout
1902 1176 18 38 en
1963 1176 158 38 conservant
2158 1176 19 38 un
2217 1175 78 39 tempo
2338 1175 18 39 et

1665 1214 38 39 une
1738 1213 68 40 façon
1844 1213 18 39 de
1897 1211 129 41 swinguer
2056 1210 179 41 typiquement
2264 1210 0 40 «
2299 1209 56 41 mid¬

1667 1250 30 39 dle
1738 1250 0 40 »
1779 1249 69 46 (sans
1885 1247 86 49 jamais
2012 1246 95 47 tomber
2148 1245 55 47 dans
2244 1244 31 44 les
2316 1243 41 41 tra¬

1669 1286 49 36 vers
1761 1285 38 37 des
1839 1283 109 38 batteurs
1991 1281 135 40 modernes
2170 1279 83 42 placés
2296 1278 55 42 dans

1666 1320 28 41 les
1731 1320 93 40 mêmes
1860 1319 225 41 circonstances).
2113 1319 20 39 Le
2169 1319 104 38 résultat
2302 1319 56 37 peut

1664 1356 52 40 faire
1756 1356 107 40 penser,
1891 1356 58 39 pour
1983 1356 106 39 illustrer
2121 1356 49 38 mon
2210 1356 106 38 propos,
2348 1356 8 37 à

1664 1391 12 39 la
1718 1391 104 39 manière
1864 1391 56 38 dont
1954 1391 81 38 Danny
2075 1391 137 37 Barcelone
2255 1391 101 36 accom¬

1666 1428 76 46 pagne
1778 1427 161 46 Armstrong.
1965 1426 155 47 Manzecchi
2146 1426 72 46 prend
2248 1425 19 46 un
2304 1425 55 46 plai¬

1665 1467 29 37 sir
1722 1466 131 37 manifeste
1889 1465 8 37 à
1926 1465 65 36 jouer
2019 1464 58 36 cette
2113 1463 110 36 musique
2259 1463 18 35 et
2306 1462 50 36 par¬

1666 1503 60 49 vient
1760 1503 10 40 à
1803 1503 194 44 communiquer
2034 1503 36 45 son
2114 1503 193 48 enthousiasme
2347 1503 7 48 à

1666 1538 37 39 ses
1742 1538 26 38 six
1807 1538 175 38 partenaires.

1669 1603 36 43 Les
1751 1603 128 44 amateurs
1922 1603 89 44 auront
2053 1603 112 44 souvent
2204 1603 157 45 l’occasion,

1671 1645 35 40 cet
1745 1645 35 45 été
1822 1644 16 39 et
1877 1644 9 37 à
1922 1643 12 41 la
1979 1642 113 46 rentrée,
2130 1640 81 45 d’aller
2252 1639 103 46 écouter

1666 1678 147 43 l’orchestre
1861 1679 18 42 de
1924 1679 62 43 Dany
2030 1680 70 43 Doriz
2141 1680 18 43 en
2207 1680 34 43 son
2288 1681 60 43 antre

1667 1713 20 41 du
1732 1712 98 42 Caveau
1875 1712 17 41 de
1937 1712 8 40 la
1990 1712 118 40 Huchette
2153 1711 57 40 avec
2255 1711 95 40 George

1668 1749 75 40 Dersy
1789 1749 54 40 (tp),
1882 1748 93 41 Michel
2015 1747 114 42 Camicas
2177 1746 54 43 (tb),
2268 1745 90 44 Hinder

1667 1787 52 39 (ts),
1746 1786 104 39 Gabriel
1878 1785 161 39 Garvannoff
2069 1785 44 38 (p),
2138 1784 153 39 Jean-Marie
2327 1784 30 37 In¬

1665 1823 71 44 grand
1770 1822 31 45 (b)
1831 1822 19 44 et
1881 1822 73 44 Teddy
1988 1821 80 45 Martin
2102 1821 71 44 (dm).

1697 2014 60 42 Après
1795 2014 54 41 avoir
1884 2014 106 41 participé
2022 2014 8 40 à
2059 2014 8 40 la
2105 2014 77 40 séance
2220 2014 8 40 à
2257 2014 66 39 quatre

1696 2045 74 40 pianos
1809 2045 48 40 sous
1895 2045 10 40 la
1944 2045 102 41 direction
2085 2045 64 42 d’lvan
2191 2045 87 43 Jullien,
2310 2045 16 43 en

1697 2079 123 38 compagnie
1855 2079 18 39 de
1905 2079 24 39 G.
1955 2079 124 41 Arvanitas,
2105 2079 26 41 M.
2161 2079 79 42 Vander
2269 2079 15 43 et
2311 2079 20 43 R.

1699 2109 110 37 Urtreger,
1842 2109 79 38 Michel
1957 2109 99 38 Graillier
2095 2109 0 38 a
2137 2109 124 39 enregistré
2295 2109 31 39 son

1696 2137 92 45 premier
1818 2137 55 43 album
1916 2137 17 41 en
1969 2136 39 41 tant
2038 2136 32 40 que
2106 2136 83 39 leader.
2218 2136 79 42 Michel
2326 2136 5 44 à

1695 2167 71 43 choisi
1792 2167 44 43 Alby
1869 2167 67 43 Cullaz
1966 2167 15 43 et
2007 2167 85 43 Bernard
2125 2167 62 43 Lubat
2210 2167 47 43 pour
2284 2167 47 43 l’ac¬

1698 2198 145 46 compagner.

1349 2355 240 124 Caveau
1691 2353 46 127 de
1830 2350 28 131 la
1959 2350 315 134 Huchette

1461 2479 16 42 5.
1504 2479 37 42 RUE
1575 2479 21 42 DE
1627 2479 18 42 LA
1682 2479 123 41 HUCHETTE
1836 2480 46 40 (se)
1906 2480 4 40 —
1952 2480 40 40 Tél.
2020 2480 65 39 DAN.
2112 2480 65 39 65-05

1344 2514 22 48 LE
1413 2514 133 48 CÉLÈBRE
1593 2514 158 49 CABARET
1795 2514 29 49 DE
1870 2514 73 49 JAZZ
1993 2514 29 49 OU
2072 2514 62 50 L'ON
2188 2514 108 50 DANSE

1580 2565 182 68 OUVERT
1827 2565 26 70 EN
1932 2565 122 69 AOUT

1797 2625 53 38 avec

1354 2655 233 103 DANY
1685 2650 249 110 DORIZ
2032 2648 256 110 SEPTET

1453 2755 57 51 avec
1545 2751 83 54 DANY
1663 2754 91 51 DORIZ
1785 2749 72 55 (vib),
1887 2751 92 53 WANI
2009 2754 103 49 HINDER
2146 2757 47 45 (ts).

1452 2804 144 46 GEORGES
1628 2803 87 46 DERSY
1744 2803 54 46 (tp);
1821 2803 108 46 MICHEL
1961 2802 148 47 CAMICAS
2141 2802 51 46 (tb),

1371 2848 124 47 GABRIEL
1532 2848 202 48 GARVANOFF
1764 2848 41 49 (p);
1832 2847 191 51 JEAN-MARIE
2056 2847 143 52 INGRAND
2232 2847 41 53 (b),

1651 2888 86 46 TEDDY
1774 2888 110 46 MARTIN
1928 2887 72 48 (dm);

1623 2930 101 39 OUVERT
1758 2930 12 39 T.
1790 2930 15 39 L.
1822 2930 17 39 S.
1868 2930 6 39 à
1903 2930 20 39 21
1955 2930 17 39 h.
1998 2930 20 39 30

1498 2953 125 45 MATINÉES
1658 2954 133 44 DIMANCHE
1825 2953 18 46 16
1881 2953 18 46 H.
1923 2953 0 46 —
1972 2953 69 47 Entrée
2073 2953 0 47 :
2104 2953 0 47 7
2136 2953 0 47 F

2325 3037 28 64 A1
