2480 3508
124 422 384 51 ALAIN HATOT BIG BAND

130 514 1074 51 Kako Bessot (tp), Alex Perdigon, Bernard Camus (tb), Alain Hatot (ts, bs,

128 555 1074 41 etc.), Patrick Bourgoin las, ts), Jean-Pierre Debarbat (ts, ss), Jean-Paul

124 580 1078 53 Asseline (ep), Frédéric Sylvestre (g), Bunny Brunel (b), Guy Hayat (d),

126 615 281 47 Gilles Périn (perc).

122 648 562 49 Paris, Théâtre Mouffetard, 25 février.

126 691 1075 47 Les grands orchestres refleurissent, semble-t-il, et l’on ne peut que s’en félici¬

126 726 1073 45 ter. Les rares leaders qui essaient d’en maintenir en vie savent que les lieux où

126 752 1071 47 ils peuvent s’exprimer sont plus que limités. Tenter sa chance dans cette for¬

124 787 1073 43 mule mérite donc un coup de chapeau : Boni, Lubat, Gilson qui remet ça, Sar¬

124 816 1073 51 bib, la Marmite à Lyon, l’Anachronic et Alain Hatot qui présentait plusieurs soirs

124 849 1075 49 à Mouffetard une réunion de onze musiciens bien rompus à l’exercice puisque

124 882 802 47 membres pour la plupart du big band de Claude Cagnasso

124 912 1075 44 La démarche choisie n’est pas « révolutionnaire », elle s’exprime sur des ryth¬

124 943 1075 45 mes contemporains, essentiellement binaires, ce qui rend (à mon goût) l’en¬

124 974 1077 45 semble un peu monotone, ainsi que sur des découpages et structures assez

124 1005 1075 49 recherchés permettant la création d’arrangements bien tournés. Sur ces bases

124 1036 1073 47 déja solides le leader s’impose dans des solos volontaires, à la limite de l’écor¬

126 1067 1069 47 ché, haletants et d’une grande émotion; dans ce contexte tres “ moderne»

124 1101 1041 46 Jean-Pierre Debardat se révèle enthousiaste, inventif et chaleureux A suivre

998 1142 204 44 Jean Buzelin

124 1227 523 49 COMPAGNIE LUBAT + BIG BAND

128 1323 1078 47 Bernard Lubat (d, p, perc, voix, pétards, etc.), Jean-Louis Chautemps (ts,

128 1356 1074 43 gros cigare), Norbert Letheule, Patrick Fort, Patrick Auzier, Sylvain

128 1387 1074 41 Melki (voix, danse, mime, instruments divers) + Kako Bessot, Jean¬

128 1418 1074 43 François Canappe (tp), Alex Perdigon, Josef Traindl (tb), Jean Querlier

128 1449 1076 45 las, cor anglais), Patrick Bourgoin (as), Philippe Maté, Jean Cohen,

126 1479 1078 48 Pierre Rigaud (ts), Jouk Minor (bs), Léon Francioli (b, g), Beb Guérin (b),

128 1508 275 49 Xavier Breteau (d)

124 1547 644 47 Paris, Bar Totem du Stadium, le 28 février.

128 1590 1073 47 On pourrait prendre un ton condescendant, on pourrait disséquer, definir on

124 1623 1077 45 pourrait aussi dire qu’on a marché à fond, histoire de se faire plaisir et de se

126 1652 1076 47 conforter ainsi dans ses idées, jouer celui qui a compris et qui méprise, celui

126 1685 1075 47 qui a assisté et qui va lire, on pourrait enfin dire qu’on n’a rien saisi, qu’on n’a

124 1716 1077 47 pas aimé, ou même trainer Lubat dans la boue, mais par les temps qui courent.

126 1748 1071 44 ce serait mal vu. L’acteur a parfois le beau rôle (quand il s’en donne la peine

126 1779 1075 49 reconnaissons-le) et le chroniqueur a des problemes. Ce dernier pourra tout

128 1810 1074 45 simplement faire ici part de quelques impressions tres personnelles, souvenirs

130 1843 1074 43 intenses ou vagues d’une soirée en chaud et froid. L’auteur de ces lignes s’est

128 1876 1076 41 quelquefois bien marré (il faut dire qu’il a un penchant pour ca); il ne sait pas trop

126 1904 1075 44 où Lubat veut en venir même si ce dernier semble parfaitement conscient et

126 1935 1076 47 maître de ses moyens. Il a ressenti quelques passages tres forts (essentiellement

126 1968 1076 45 musicaux d’ailleurs) aussi bien orchestraux que dans des situations beaucoup

128 1999 1074 47 plus aléatoires; il s’est parfois carrément emmerdé durant des trous, des blancs

126 2030 1075 47 que pas un des nombreux personnages présents sur la piste n’était capable de

128 2063 1074 47 boucher si ce n’est par d’interminables solos du plus pur style “jam session

128 2095 1074 44 free» ce qui est une mince compensation. Il a donc pensé et conclu que les

126 2124 1076 47 passages “ hénaurmes » et corrosifs étaient trop noyés dans des longueurs et

126 2157 1076 45 que l’ensemble gagnerait à être plus concis pour y gagner en force et en impact

128 2190 1074 45 et devenir une véritable tornade salutaire par laquelle il aimerait bien parfois se

128 2223 1074 41 surprendre malmené. En attendant, il faut bien reconnaître qu’il s’agit de la seule

126 2252 1071 43 tentative française de remise en question, en profondeur, et par tous les bouts

128 2282 1069 50 de l’univers musical habituel dans sa conception spectacle/audition. Voilà qu

126 2313 261 51 n’est déja pas mal

1006 2356 202 46 Jean Buzelin

130 2432 369 50 CM 4 AUX TRINITAIRES

130 2527 1082 47 Didier Hatt (tp, cornet, bugle, Kwanza), François Lindemann (p) Pierre

130 2560 544 45 François Massy (b), Olivier Clerc (d)

130 2597 601 49 Caveau des Trinitaires, Metz, le 4 mars.

130 2640 1074 45 Fait remarquable, digne d’être signalé: en pleine bataille électorale, des at¬

130 2671 1076 45 fiches annonçant un concert de jazz ont eu le temps de se faire remarquer sur

130 2703 1072 50 des murs englues, couverts d’épaisses strates, de repoussantes mosaiques de

134 2738 1068 45 papiers déchirés multicolores Ayant pu attirer un nombre appréciable de mélo¬

132 2767 1070 45 manes, le quartet suisse sut les séduire deux soirées de suite : le son per¬

132 2796 1067 51 cutant de la trompette, qui se fait plutot rare à la tête des petites formations

132 2829 1070 47 donne aujourd’hui un souffle nouveau à la “ musique collective » (apres le

132 2860 1070 47 départ du saxophoniste Jean-Luc Barbier). Cependant, l’ensemble garde son

136 2892 1066 46 originalité: il repose avant tout une force rythmique intelligente, mais joue plus

130 2921 1074 49 fréquemment sur les contrastes de rythmes et sur les oppositions de climats à

130 2952 1072 51 l’interieur des morceaux que sur le tempo uniforme. Il y aurait beaucoup de

132 2985 1070 49 remarques à faire sur chacun des musiciens; ils ont, c’est certain beaucoup de

130 3016 1074 47 choses à dire, et possédent d’autre part, les moyens pour les exprimer, lls oc¬

128 3050 891 48 cupent d’ores et déjà une place honorable dans le jazz européen

128 3088 1076 49 Rappelons, pour terminer, que le Caveau des Trinitaires, après avoir accueilli

128 3120 1074 48 notamment Boulou Ferré et CM 4, invitera, fin avril et début mai, rien moins

130 3153 1074 45 que : Martial Solal, Sam Rivers (en trio), Frank Wright et Bobby Few, Robin

128 3184 1074 53 Kenyatta (accompagné par le remarquable pianiste Alain Jean-Marie) et

126 3215 207 47 Raymond Boni

1011 3258 199 51 claude Baro

1323 1179 269 48 TCHICAI AND CO

1321 1272 954 51 John Tchicai (ss, as, ocarina), André Goudbeek (as, ts, ocarina),

1325 1317 279 45 Le Totem, 7 mars.

1325 1352 1075 49 ll est si rare d’entendre Tchicai à Paris que ce concert était fortement attendu

1325 1389 1073 43 par tous ceux qui considérent la voix de l’artiste comme l’une des plus origi¬

1323 1418 365 45 nales des années soixante

1325 1453 1073 47 Davantage d’obstination à dire sa marginalité que de véhémence à proclamer

1329 1488 1067 47 sa différence: l’attitude tranquille et sure de John Tchicai était à l’image de sa

1325 1522 1073 42 musique. Recourant souvent aux formules répétitives imposant un souffle

1327 1551 1069 47 enorme à l’alto, jouant avec son excellent compère Goudbeek des fausses

1325 1582 1069 47 directions, derapages, décalages, fausses sorties, etc. John Tchical utilisa à

1325 1615 1071 45 tond la carte du duo. De l’expressionnisme primitif des deux ocarinas aux

1323 1644 1071 47 mélodies baroques, de f'univers répétitif au delire contenu, le monde musica

1325 1677 1067 47 de Thicai apporte une contribution supplementaire au décloisonnement de

1327 1711 263 46 toutes les musiques

1325 1748 129 44 Salutaire

2230 1785 173 50 Alex Dutilh

1321 1870 501 53 ARCANE V A LA VIEILLE GRILLE

1325 1960 1078 55 Nano Peylet (as, bol, cl, ct à bec), Philippe Gumplowicz (q, fi), Michel

1325 2001 640 45 Saulnier (b), Vouval Micenmacher (d, perc).

1323 2040 498 47 Paris, La Vieille Grille, le 8 mars.

1325 2071 1075 55 Arcane V (cinq) est un groupe de quatre musiciens (ça commence bien !) dont

1329 2104 1069 55 les noms ne vous sont peut-être pas encore tous familiers. Formé depuis jan¬

1331 2135 1069 53 vier 1977, ce quartette s’est déja produit un peu partout en province

1325 2167 1073 52 (« Musique dans la rue » à Aix. « Chant Libre» à Besançon, pour signaler les

1327 2200 885 52 manifestations importantes) mais beaucoup plus rarement à Paris

1327 2231 1075 53 Arcane V, durant dix jours, proposa aux Parisiens un apercu tres concret de

1327 2262 1073 55 ses recherches et constitua une agréable révélation. On peut même parler de

1327 2291 1071 55 véritable reussite sur bien des points. Avant tout, et c'est bien l’essentiel, 1

1327 2328 1076 51 s’agit d’un groupe soude, à la démarche claire et précise, qui a les moyens

1327 2365 291 45 d’exprimer ses idées

1327 2387 1076 53 Sa musique rassemble un certain nombre d’acquis de ces dix dernières

1327 2418 1071 53 années (américains et européens); nous sommes donc en presence d’ur

1329 2451 1069 53 « jazz » européen semblable un peu à celui enregistré par ECM, similitude que

1327 2486 1073 45 l’on ressent dans les climats, les couleurs sonores, les dialogues superposés.

1329 2514 1071 52 Le groupe fonctionne très rythmiquement, Saulnier et Micenmacher jouent un

1327 2547 1076 46 rôle qui, dans des styles differents, est comparable à celui du tandem Dave

1327 2576 1075 51 Holland-Barry Altschul. Certains themes tres découpés rappelent en effet le

1329 2609 1073 51 quartette de Braxton. Vous voyez que je n’ai pas peur des comparaisons Mais

1327 2640 1073 53 il reste à constater encore certaines timidités du côté des “ solistes tradition¬

1327 2669 1076 53 nels», phrasé tres classique du saxo comportant encore quelques emprunts et

1331 2705 1067 54 jeu un peu trop sage du guitariste. L’ensemble n’est pas dépourvu d’humour

1329 2736 1073 50 possède un « drive » certain qui devrait s’affirmer encore s’il avait l’occasion de

1333 2765 1069 55 se produire régulièrement. Mais d’ores et déjà, tous les éléments nécessaires à

1329 2798 1074 49 l’expression directe d’une musique excitante sont reunis. Ne manquez donc

1331 2831 723 59 pas d’aller écouter Arcane V à la prochaine occasion

2205 2862 202 53 Jean Buzelin

1327 2938 681 53 EUROPAMERICA BIG BAND DE JEF GLSON

1329 3018 1078 47 Lawrence « Butch» Morris (ct), François Jeanneau (ss), Alain Hatot,

1331 3053 1074 47 Philippe Maté (ts), Marc Richard (ts, cl), André Jaume Its, boll, Jef Gilson

1327 3083 671 44 (p, cond), Jack Gregg (b), Jacques Thollot (d).

1327 3122 607 42 Paris, Bar Totem du Stadium, le 9 mars.

1329 3161 1074 42 Chaque fois qu’il le peut, Jef Gilson reunit la fine fleur des musiciens qui ac¬

1329 3192 1074 43 ceptent de se lancer dans quelque folle aventure. Sa vie et sa carrière ne sont¬

1327 3223 1075 43 elles pas une perpétuelle aventure, Jet, le marginal et l’avant-gardiste de tou¬

1325 3254 1077 53 jours? Sa dernière trouvaille est de reunir les meilleurs tenors français et de

2361 3352 44 50 31

861 142 796 173 CONCERTS
