2480 3508
456 228 768 126 programme

171 415 1028 44 Le 19 avril à 21 h au Bar Totem, le Stadium, 66, avenue d'Ivry (13e) : Didier Levallet Big

635 374 92 50 PARIS

173 475 1024 45 Le 20 avril à 20 h 30 au Musée d’Art Moderne, 11, avenue du Président-Wilson

274 446 59 45 Band

175 532 928 44 Le 22 avril à 17 h 80 au Nouveau Carré, 3, rue Papin (4e): Al Levitt Quartet

267 506 134 41 (16e): CM4

173 565 1022 43 Le 25 avril à 20 h 30 au Centre Culturel Américain, 3, rue du Dragon (6e) : Michael

175 619 809 45 Le 25 avril à 21 h au Bar Totem, le Stadium : Max Roach Quartet.

267 594 339 43 Zwerin and Not Much Noise

175 648 838 47 Le 26 avril à 21 h au Bar Totem, le Stadium: Richard Boone Quintet

175 680 1016 44 Le 29 avril à 17 h 30 au Nouveau Carré: Un Drame Musical Instantané (Vitet, Birgé.

265 709 185 45 Gorgé, Achard)

173 736 1022 45 La 7 mai à 20h30 à l'Espace Cardin, avenue Gabriel (8e): A Tribute To Duke

265 763 863 47 Ellington par Cat Anderson (Wood. Hashby. Tumney, Fol, Bell, Woodyard)

177 797 803 42 Le 9 mai à 21 h au Bar Totuem, le Stadium: Frank Lowe Quartet

177 828 1016 47 Le 10 mai à 21 h au Bar Totem, le Stadium: Guitare Workshop (Gourley, Boni, Marais,

263 855 179 45 Locatelli, Petit

177 884 830 43 Le 11 mai à 21 h au Bar Totem, le Stadium: René Urtréger Quartet

175 914 1022 44 Le 16 mai à 20 h 30 à l’Espace Cardin : Anthony Braxton Creative Music Orchestra

265 943 799 47 (Lewis, Anderson. Bowie. Wheeler. Leo. Smith. Brian Smith. Wadud)

173 970 534 49 Le 19 mai à 21h salle Gaveau: Joe Pass.

171 1054 1020 47 Le 21 à Mantes la Jolle (78200) Centre culturel, 18, rue de Gassicourt: - Jazz A

606 1015 158 49 BANLIEUE

265 1083 922 47 Mantes 78» avec les Haricots Rouges, Charquet and Co. Cocorico Parade,

265 1116 926 41 Maurice Vander Quartet, Cat Anderson's Tribute to Duke Ellington, Claude

263 1142 926 44 Boling et le Show Biz Band, le New Histeric Jazz Band, le Metronome Jazz

265 1177 926 43 Band, Louis Vola Trio, Pierre Calligaris, - Gilbert Leroux Quintet, Jean Bonal

263 1204 690 47 Quartet, Patrick Artero-Michel Gaudry Trio, Marcel Zanini

181 1276 819 51 Le 18 avril à Montbéliard Caveau du Château Jef Gilson Quintet.

604 1247 160 45 PROVINCE

177 1315 850 43 Le 21 avril à Mâcon, Centre d'Action Culturelle: Newtone Experience

177 1342 846 45 Le 22 avril à Saint-Chamond, Salle des Fêtes: Newtone Experience

177 1373 661 41 Le 24 avril à Angoulême, 21 h: le Workshop de Lyon

175 1401 618 41 Le 25 avril à Poitiers, 21 h: le Workshop de Lyon

175 1428 965 47 Le 25 avril à Châlons-sur-Saône, Maison de la Culture: Newtone Experience.

179 1461 618 41 Le 26 avril à Limoges, 21 h: le Workshop de Lyon

173 1487 1022 44 Le 26 avril à Clormont-Ferrand, Opéra Municipal, 21 h. Cat Anderson's Tribute e To

267 1520 171 43 Duke Ellington

171 1547 1022 45 La 27 avril à Mulhouse, Rallye Drouot, 20h 30: Yoschk'o Seffer et le Quatuor

267 1578 113 43 Margand.

175 1603 756 45 Le 27 avril à Nimes, Cat Anderson's Tribute to Duke Ellington,

177 1639 669 38 Le 28 avril à Douai : Bobby Few - Few Coming Thru »

177 1668 940 43 Le 28 avril à Salon-De-Provence: Cat Anderson's Tribute to Duke Ellington,

173 1695 1020 45 Le 29 avril à Avignon, Centre Litteraire Universitaire, rue Joseph-Vernet : Champion

271 1724 154 47 Jack Dupree

171 1750 1022 46 Le 29 avril à Longwy-Haut, salle Robert-Schumann: le trio Jean-Pierre Mas, Cesarius

269 1785 237 43 Alvim, Daniel Humair

177 1810 942 47 Le 30 avril à Avlenon, à la Chouette, 8, rue Galante: Champion Jack Dupree.

179 1841 801 45 Le 30 avril à Metz, au Caveau des Trinitaires: Mas. Alvim. Humair.

175 1870 561 43 Le 5 mai à Dilon, 21 h: le Workshop de Lyon

175 1898 770 43 Le 2 mai à Douai, Centre d’Animation Culturelle: Michel Portal.

177 1927 579 43 Le 5 mai à Dijon, à 21 h le Workshop de Lyon

173 1956 1020 45 Le 5 mai à Angoulême, theâtre de la ville, 20 h 30: Jacques Thollot sextet, Mal

267 1989 795 45 Waldron solo, les Blue Notes (McGregor, Dyani, Pukwana, Moholo)

171 2017 1020 42 Le 6 mai à Angoulême, Théâtre de la Ville, 20 h 30. Raymond Boni Quartet. Lol

269 2046 389 43 Coxhill solo, Frank Lowe Quartet

179 2073 832 45 Le 11 mai à Douai, centre d’animation culturelle : Daniel Humair Trio.

177 2106 866 43 Les 12 et 13 mai, à Metz, Caveau des Trinitaires: Capon Escoudé duo

177 2135 1016 43 Le 13 à Bron (près de Lyon): le Marmite Internale (Workshop de Lyon + Marvelous

269 2163 703 45 Band + Strange Unit + Patrick Vollat /Mereu Steve Waring

173 2190 1008 45 Le 19 mai a Longwy-Haut, salle Robert-Schumann, 21 h. l’Orchestra (Henry Cow +

265 2223 509 41 Mike Westrook Big Band 4 F. Armstrong)

173 2252 934 45 Le 19 mai à Clermont-Ferrand, Opéra Municipal, 21 h 30; Lionel Hampton.

169 2350 474 52 MOERS (R.F.A): du 12 au 18 mai.

596 2309 172 47 FESTIVALS

267 2391 920 45 Le 12; William Breuker Kollektiet; Leroy Jenkins Trio; European Jazz Quintet:

263 2420 922 43 Cecil Taylor Sextet Le 13: Terumasa Hino Quartet. Trio Manus; Phillip Wilson

265 2445 920 45 Quartet, Christmann-Schoenenberg Duo; John Surman Solo ; Guido Mazzon

261 2475 926 46 Precarious Orchester; Art Ensemble Ot Chicago. Le 14 : Lewis/Ewart duo;

263 2504 924 43 Theo Jörgensmann Quartett; Peter Brötzmann Sextet; Creature Music

265 2537 922 43 Orchestra d’Anthony Braxton; Art Blakey et The Jazz Messengers ; Human Arts

265 2566 924 43 Ensemble; Kenny Wheeler Quartet. Le 15: Leo Smith Trio; Generation;

263 2595 926 45 Anthony Braxton Quartet; Fred Anderson Quintet; Double lmage: Lester Bowie

263 2621 89 45 Sextet.

171 2658 1026 47 COMPANY WEEK 1978 (Angleterre : ICA Theatre, The Mall. London SWI):

263 2693 275 43 du 30 mai au 3 juin

265 2720 926 43 Le 30: solos. Les autres jours : improvisation de groupes. Leo Smith, Tony

261 2751 928 47 Oxley. Misha Mengleberg Maurice Horsthuis, Johnny Dyani, Terry Day. Derek

267 2781 64 44 Bailey

169 2806 1018 45 NICE: du 6 au 16 juillet. Prévus: Count Basie, Lionel Hampton, Dizzy Gillespie, Bill

267 2835 922 47 Evans. Jonah Jones, Lee Konitz The Word Greatest Jazz Band. John Lewis.

261 2864 926 43 Mary-Lou Williams, lllinois Jacquet. Lockjaw Davis, Marian McPartland, Eddie

263 2899 926 41 Vinson, Bob Wilber, Wild Bill Davidson, Vic Dickenson, Sweets Edison. Clark

263 2927 924 47 Terry, Jo Jones. Helen Humes, Carrie Smith. Alberta Hunter, Bo Diddley. Clifton

263 2952 99 45 Chenier.

169 2985 1016 51 NIMES (Arènes de Nimes): du 11 au 16 juillet. Le 11: McCoy Tyner Sextet;

261 3016 926 45 Mumps; Confluence. Le 12 : Bill Dogett: Lou Bennett Trio; Claude Cagnasso

261 3046 924 44 Big Band Le 14: Buddy Rich Big Band; Sam Rivers Quintet ; Willem Breuker

259 3075 926 45 Kollektiet. Le 15: Carrie Smith avec Clark Terry, Vic Dickenson, etc.; Benny

259 3104 924 51 Waters Quartet; Guy Laffite Quartet Le 16; Lee Konitz et le Bill Evans Trio

263 3135 731 45 Sonny Rollins; Ted Curson, Pepper Adams et le trio Arvanitas

169 3151 1009 61 ANTIBES/JUAN-LES-PINS : du 18 au 23 juillet. Ray Charles. Sonny Rollins

261 3198 924 46 McCoy Tyner Sextett, Buddy Rich Big Band. Reste du programme non

259 3223 127 45 déterminé

1362 142 663 41 LA HAYE (Congresgebouw): du 14 au 16 juillet.

1456 169 930 43 Count Basie and his Orchestra, Oscar Peterson, Ella Fitzgerald + Trio Tommy

1454 198 928 45 Flanagan, Dizzy Gillespie Quartet, Sonny Rollins Quintet, Bill Evans Trio + Zoot

1456 228 924 44 Sims et Al Cohn, Freddy Hubbard Quintet, Buddy Rich Big Band, Lionel

1460 259 922 45 Hampton All Stars, Ramsey Lewis Quartet, Betty Carter et her Tio, Jonah Jones

1458 290 924 41 Quintet, Art Blakey et The Jazz Messengers, Randy Weston African Rhythms

1458 319 922 41 Orchestra, Carla Bley Band, Eric Kloss et Barry Miles, Airto et Raoul de Souza,

1456 346 924 43 Mighty Clouds of Joy, Red Garland Trio, Trio Joanne Brackeen, Kai Winding, The

1458 376 922 43 World's Greatest Jazz Band, Clark Terry, Paul Motian Trio, Kenny Burrell Trio.

1458 405 920 45 McCoy Tyner Sextet, Yamashita Trio, Bo Diddley Band Bill Doggett Band

1458 434 922 45 Clifton Chenier Band, Double lmage, John Lewis, Mary Lou Williams, Hank

1454 461 928 43 Jones, Mariam McPartland, Illinois Jacquet. Lee Konitz, Dutch Swing College

1366 518 1016 47 SAN SEBASTIAN : du 20 au 25 juillet. Les 20 et 21 ; concours de jazz amateur. Le

1458 493 651 42 Bande, Shelly Manne, Larry Coryell (Philippe Catherine

1458 551 924 45 22: Bill Evans, Lee Konitz, Eddie Gomez, Philly Joe Jones. Le 23; Orechestra

1366 610 571 42 Pas de jazz à Châteauvallon cette année.

1456 580 852 45 Pasadena Le 24; McCoy Tyner Quintet. Le 25; Sonny Rollins Quartet

1649 692 436 187 RADIO

1746 933 271 53 FRANCE MUSIQUE

1376 978 770 45 JAZZ CLASSIQUE (du lundi au vendredi de 12 h 40 a 13 h 15)

1378 1007 979 45 Du 17 au 21 avril : réeditions par Daniel Nevers. Jean Delmas et Claude Carrière.

1376 1038 817 45 Du 24 au 28 avril : The Art ot Tatum (1re partie), par Laurent Goddet

1374 1064 653 44 Du 1° au 5 mai: Tout Duke (27°) par Claude Carrière.

1376 1097 628 41 Du 8 au 12 mai : programme inconnu, Daniel Nevers

1376 1120 1016 49 Du 15 au 19 mai: les grands guitaristes du jazz classique (2°), par Jean-Pierre Sasson¬

1374 1161 435 47 JAZZ TIME (de 19 h 05 à 19 h 30)

1374 1200 1022 47 JAZZ FORUM (le samedi de 23 h à 23 h 59) Une emission de André Francis et Lucien

1376 1258 575 45 Le 15 avril : Colin Maillard avec Pierre Bouteiller

1460 1231 90 41 Malson

1374 1288 1018 43 Le 22 avril : Cabaret du Jazz, l’orchestre de Marcel Zanini et le -Quartet » de Roger

1376 1344 737 45 Le 29 avril : l’œuvre de George Russell (6°) par André Hodeir.

1462 1319 88 43 Guérin.

1376 1373 749 47 Le 6 mai: Cabaret du Jazz, l’orchestre de Jean-Loup Longnon

1378 1405 310 43 Le 13 mai: Colin Maillard.

1376 1436 735 41 Le 20 mai: l’œuvre de George Russell (7°) par André Hodeir.

1376 1471 992 43 JAZZ VIVANT (le dimanche, de 19 h 35 à 20 h 30). Une émission d’Andre Francis

1374 1500 1012 45 Le 16 avril : Lionel Hampton et Chick Corea; l’orchestre d'Oliver Jackson; le quintette

1460 1529 926 47 de Claude Bolling; les formations de Sy Oliver, Wild Bill Davis, Eddie Davis et

1370 1590 1022 43 Le 23 avril: le quartet de Keith Jarrett à Francfort et Hambourg; “ Gateway» au festival

1462 1561 160 40 Milt Buckner.

1372 1646 1020 45 Le 30 avril : les orchestres de Charles Tolliver, ldrees Sulieman, Ted Curson, lra Sullivan

1464 1617 197 47 de Juan-les-Pins

1372 1707 1020 45 Le 7 mai: Cedar Walton, Paul Bley, Andrew Hill et Don Pullen à Juan-les-Pins, Nancy et

1464 1677 370 43 à Bordeaux, Miidelheim et Pori

1370 1763 811 45 Le 14 mai: Joe McPhee; les Last Poets; l'ensemble Amini Baraka.

1743 1806 276 45 FRANCE CULTURE

1372 1843 1016 51 BLACK AND BLUE (le dimanche de 28 h a 23 h 50) Une emission de Lucien Malson.

1374 1880 544 43 Le 16 avril ; Keith Jarrett, avec Henri Renaud

1376 1909 827 45 Le 23 avril : Anthony Braxton, avec Laurent Goddet, Christian Bellest.

1374 1941 1012 44 Le 30 avril : Nouveaux venus dans le jazz, avec Francis Marmande, Bernard Loupias.

1378 1995 749 49 Le 7 mai: Le jazz au Québec avec Gilles Archambault. Journal

1462 1968 88 45 Journal

1374 2028 1014 47 Le 14 mai: Musiques protanes et musiques sacrées, avec Philippe Bas-Rabern

1368 2081 917 51 Le 21 mai: Vent de Paraître, avec Laurent Goddet et Daniel Soutif. Journal.

1464 2059 89 43 Journal

1762 2126 230 50 FRANCE INTER

1372 2169 989 46 JAM PARADE (le dimanche de 23 h 03 à 23 h 58). Une emission d'Andre Francis

1372 2202 1018 45 Le 16 avril : Ray Charles, Jimmy Witherspoon, Blind John Davis, Gene Connors, Guitar

1372 2262 1014 47 Le 23 avril : Claude Guilhot, Francois Guin, Jean-Pierre Sasson, Gerard Badini.

1466 2233 672 47 Watson, Screaming Jay Hawkins, Marjorie Evans. Odetta

1372 2325 1018 40 Le 30 avril : Shivananda, Magog, KKK. Diethelm/Brandenberger, le J et F Quintet,

1464 2291 633 47 Georges Arvanitas, Christian Escoudé et Sonny Grey

1376 2377 868 47 Le 7 mai : Azimuth, Mike Westbrook, John Surman et Barbara Thompson

1464 2354 518 43 Irene Schweitzer et l’Orchestre à Musiques

1376 2410 630 43 Le 14 mai: Stan Getz Gerry Mulligan, Dave Brubeck

1372 2440 1018 44 Le 21 mai les freres Heath, Charles Tolliver, Thad Jones /Mel Lewis, Bid Band. Betty

1460 2465 84 47 Carter

1534 2601 657 125 MINIMUM

1479 2730 776 56 Méthode d’improvisation modale

1571 2806 599 70 TOUS INSTRUMENTS

1450 2872 823 61 (clef de sol, clef de fa), pianos, guitares,

1522 2923 686 60 basses, saxophones, cuivres, etc.

1569 2995 589 76 par DANIEL GOYONE

1436 3069 847 64 Prix: 73,20F 4 frais d’envoi: 12,80E

1405 3151 698 49 Écrire à: D. GOVONE, « LES GÉMAUX »

1573 3192 458 50 Appt 481, 36, rue Baudin

1577 3231 667 52 92400 COURBEVOIE - Tél. 789.38.73
