2480 3508
1288 890 1059 57 Avec Pat Metheny, la musique rejoignit les horzons électro-acoustiques.

1282 931 1077 47 présentait à Paris son nouveau groupe et s’affirmait pour la première fois

1284 964 1075 43 leader. Dommage que la sonorisation ait amplifié démesurément la musique du

1284 993 1075 47 groupe, son caractère intimiste (l’héritage de Gary Burton) se trouvant ainsi

1284 1029 1075 42 masqué. Dès lors, contraint de jouer le jeu de l’électricité, Metheny se borna à

1282 1058 1073 43 étaler (brillamment) un seul registre de ses possibilités. Le groupe parut parfai¬

1282 1087 254 47 tement homogene

1282 1126 1075 51 Avec des compositions « sur mesure » les quatre musiciens parvinrent à

1284 1163 1075 43 séduire un auditoire qui les découvrait. On souhaite tout de même réentendre

1280 1190 1077 51 Pat Metheny et ses musiciens dans un contexte moins exclusivement dévolu à

1284 1225 221 47 la fée électricite

2189 1235 172 55 Alex Dutilh

1294 1964 757 51 DON PULLEN QUARTET AU PALAIS DES GLACES

1292 2040 1078 47 Don Pullen (p, leader), Chico Freeman (ss, ts, fi), Fred Hopkins (bk

1292 2073 246 47 Bobby Battie (d)

1288 2110 552 47 Palais des Glaces, Paris, le 23 mars.

1288 2149 1078 47 Dois-je l’avouer, ce concert n’a pas fait l’unanimité dans les rangs de notre

1290 2186 1076 43 rédaction: Jean Buzelin et Bruno Régnier, sans nier la valeur du pianiste et du

1290 2215 1074 45 saxophoniste, l’ont trouvé inégal, sans unité, sans dynamique de groupe. Les

1288 2245 1075 48 principales raisons de ce demi-échec, selon eux, sont à imputer au tandem

1290 2278 1074 47 rythmique, trop limité par une technique frustre. Alex Dutilh et moi-même avons

1290 2311 1006 47 été en revanche totalement satistaits par la prestation des quatre hommes

1288 2346 1073 49 ll est un élément qu’il convient de garder toujours en mémoire lorsqu’il s’agit de

1286 2377 1075 49 ces tournées (tout particulierement celles conduites inlassablement par l’agent

1286 2412 1078 45 hollandais Wim Wigt): lorsqu’on se trouve au bout d’une tournée d’un mois au

1288 2441 1075 47 cours de laquelle on joue chaque soir (ou presque) dans une ville différente, il

1288 2475 1076 44 est bien évident que la fatigue et la lassitude se font sentir doublement. C’est la

1288 2506 1075 45 le lot de ces orchestres encore trop peu connus qui ne peuvent, comme les

1288 2535 1075 49 vedettes, voyager dans des conditions confortables. Cela explique quant à moi

1288 2570 1073 45 un certain manque de concentration qui est apparu vers le tiers du concert.

1288 2601 1071 45 Dispersés aux cours de passages banalement free (Chico Freeman nous sem¬

1288 2632 1075 47 ble bien plus personnel au ténor et surtout à la flûte qu’au soprano), les quatre

1290 2668 1071 40 hommes n’y firent peut-être pas alors preuve de cette même communion spiri¬

1290 2695 1074 45 tuelle qui devait s’affirmer plus tard, principalement lors de ce meringué final

1288 2728 1076 43 qui révéla l’immense talent de Freeman au ténor, plus proche ici de Rahsaan

1290 2759 1074 45 que de Sonny Rollins auquel le tempo aphrodisiaque faisait inevitablement pen¬

1292 2790 1072 49 ser. Don Pullen nous dispensa quant à lui des solos d’une musicalité et d’une

1292 2823 1072 41 densité rares, en particulier sur les tempos lents où son sens du blues fait mer¬

1294 2853 1067 44 veille. Quant à Hopkins et Battle, et après avoir réécouté mon précaire enregis¬

1290 2882 1071 49 trement sur cassette, je tiens à dire qu’ils ont été irréprochables. Hopkins est

1288 2915 1076 45 un de ces bassistes solides comme un roc qui interviennent sobrement, mais

1294 2948 1072 43 toujours à bon escient. On sait par exemple le rôle capital qu’il joue dans

1298 2979 1065 45 «Air ». Quant à Bobby Battle, il ne possède certes pas la technique virtuose de

1288 3009 1073 48 Barry Altschul, mais il sait fournir un accompagnement intelligent et stimulant.

1296 3042 1068 46 J’ai apprécié pour ma part la musicalité de sa frappe et son intervention en

1288 3073 423 49 solo qui fut tout à fait excitante

1290 3114 1076 45 Deux disques, enregistres l'’un en ltalie, l’autre à New York pour Atlantic, vien¬

1290 3147 1074 43 dront bientôt mettre les parieurs d’accord au sujet de ce quartet qui m’a per¬

1292 3180 1074 45 sonnellement ravi et eut, en tous les cas, le mérite de confirmer la tres grande

1290 3211 823 47 classe de Earl « Chico » Freeman, une voix de ténor à suivre

2123 3244 249 53 Laurent Goddet

79 3344 53 52 34
