2480 3508
134 383 369 69 instruments

134 432 308 82 de qualité

134 504 292 92 artistique

132 2393 376 60 Documentation

132 2445 324 63 sur demande

111 2528 702 120 Antoine Courtoy

116 2636 392 78 6, rue de Nancy

122 2697 287 68 75010 Paris

118 2751 234 72 607.77.85

77 3338 41 56 32

1271 187 1072 41 les lancer sur de somptueux (et nouveaux) arrangements. Mis à part Chau¬

1269 212 1078 47 temps (il n’avait pu se rendre libre ce soir-la) et Jeanneau exclusivement au

1269 247 1076 47 soprano, ce fut une débauche de solos de tenor, tous plus inspires et personnels

1271 278 1074 49 les uns que les autres. L’ensemble n’a, bien sûr, pas la précision des sections de

1271 313 1074 39 cuivre, mais cette surenchère de sonorités de saxes a quelque chose de

1269 341 1074 44 fascinant. Au milieu de ces vagues mouvantes, de cette pâte, se distingue un

1269 372 1074 47 surprenant cornet, souvent doté de sourdines, manié et maitrisé par un des

1271 407 969 43 musiciens les plus inventifs qui soient sur cet instrument: Butch Morris

1269 440 257 47 On en redemande

2150 442 203 51 Jean Buzelin

1267 535 341 55 FESTIVAL DU SON 78

1273 635 1074 49 Deux groupes français devaient ouvrir les concerts de jazz d’un Festival du Son

1271 672 1074 45 enfin bien sonorisé. Heureuse surprise: deux groupes français, mais comme

1275 703 1068 47 par hasard, le jour où le Palais des Congres était reservé aux professionnels.

1273 736 1072 41 Une fois de plus, le ghetto. Alors que ce festival est une bonne occasion de

1271 767 1076 45 promotion puisque les concerts y sont gratuits, ll est vrai que les autres jours

1271 797 1074 44 on confia la première demi-heure des concerts à des musiciens nationaux

1269 828 1076 45 s’exprimant presque tous dans l’idiome jazz-rock Du sur-mesure pour une

1271 861 1076 43 clientèle dont on prétend connaître les goûts à l’avance alors qu’on ne fait que

1269 890 1074 47 déterminer ses goûts en lui refusant la diversité. Musiques banalisées, donc, au

1269 921 1074 49 niveau de la programmation, parvenant cà et la à faire éclater le carcan de te

1269 954 171 45 ou tel genre.

1271 1001 113 43 6 mars

1271 1034 1078 47 Spirale : Bernard Sequin (g) Pierre Blanchard (Vin); Module : Alain

1269 1069 1076 45 Brunet (tp, flh), André Jeaume (b-cl, ss, ts), Jean Bolcato (b), Jacques

1269 1103 197 46 Bonardel (d).

1271 1151 1072 45 Un duo bordelais, empruntant une formule identique à Ripoche, à savoir gui¬

1271 1186 1074 47 tare-violon, devait d'emblee créer la surprise. Essentiellement grâce aux

1269 1218 1076 44 qualités du violoniste, le guitariste se cantonnant dans un rôle d’accompa¬

1273 1253 1070 44 gnateur, ne soutenant pas la “ conversation» Plutôt solo accompagné donc,

1269 1282 1076 45 que véritable duo. Mais les dispositions de Pierre Blanchard sont telles, sa

1271 1315 1076 45 veine lyrique notamment, qu’il captiva l’auditoire. Une certaine folie dans ses

1269 1344 1076 47 phrases annonce le dépassement de l’influence de Ponty dont presque tous

1267 1373 555 51 les violonistes d’aujourd’hui ont a souffrit

1269 1426 1078 45 Avec Module ce fut un autre type de surprise. On appréhendait un peu le

1273 1459 1076 45 groupe d’Alain Brunet (qui n’est plus ici le leader) pour les prestations

1267 1488 1078 41 décevantes dont il nous avait gratifié dans le passé. C'est qu’alors ses am¬

1269 1522 1080 41 bitions dépassaient ses possibilités. En compagnie de trois remarquables

1271 1551 1076 47 musiciens (Jeaume, passionnant, Bolcato, puissant et sûr et Bonnardel grand

1273 1582 1072 45 technicien) la musique s’installa en des contrees referencees (Miles/Ayler¬

1271 1615 1072 45 Cherry/Braxton(Ornette) pour devenir, au fur et à mesure du concert, de plus

1273 1648 1056 45 en plus cohérente. Une adéquation enfin réussie des objectifs et des moyens.

2175 1683 174 47 Riex Dutilh

1280 2424 168 47 Le 7 mars.

1278 2463 841 51 Monty Alexander (pl, Arthur Rodby (b), Frank Gant (d).

1277 2504 1080 45 On m’excusera d’avoir manque le lever de rideau. Ces concerts se deroulant à

1277 2535 707 47 18 heures, il est parfois malaisé d’y arriver à l’heure

1275 2576 1080 45 De Monty Alexander, heureusement, je n’ai pas manqué une bouchée. Depuis

1277 2609 1074 47 le temps de son premier concert au Nouveau Carré, devant une salle moitié

1277 2638 1074 51 pleine. Montgommery en a fait du chemin! Le personnage est toujours aussi

1278 2675 1075 39 enthousiaste, aussi chaleureux, aussi sympathique, mais ses prestations

1277 2705 1076 46 publiques possedent désormais cette qualité professionnelle qui fait souvent

1278 2738 1075 45 défaut aux jazzmen. Certains fustigent ces effets télescopés, ces clins d’œils

1275 2767 1076 47 prévisibles, ces sourires un peu trop prolongés. Personne cependant ne

1277 2796 1074 51 s’averera de soutenir que l’homme de la Jamaique n’est pas un merveilleux

1280 2831 1069 47 swingman, un de ces dispensateurs de jouissance et d’orgie — ou d’orgie

1277 2860 1074 45 car il est question ici de perdre sa raison — dont il est pratiquement vain

1278 2892 1073 46 d’analyser le pouvoir. Quelques effets de manche, je l’admets, mais dispensés

1277 2923 1074 45 avec un tel savoir-faire qu’on ne peut que succomber volontairement à leur et¬

1277 2954 1074 47 tet. Au reste, par-delà l’évidence de Peterson — qui, justement, nous disait le

1277 2985 1074 53 plus grand bien de Monty (J.H. n° 293) — s’affirment de plus en plus l’ascen¬

1277 3018 1076 45 dant des grands joailliers du piano: King Cole, dont fut magnifié l’immortel Easy

1277 3050 1074 46 Listening Blues, et son fils naturel Ahmad Jamal, grand oublié des réeditions

1277 3081 1072 46 qui nous assaillent ces temps-ci, et dont, par-delà le relais d’un de ces ex¬

1277 3112 1074 49 cellents jeunes bassistes dont Alexander s’est fait le découvreur régulier, le

1277 3143 1076 47 trop raide Frank Gant rappelait amèrement le souvenir. Jamal, c’est là une

1277 3176 1072 47 autre histoire magique que j’entends bien vous conter avant la fin de cette

1278 3211 273 49 année, c’est promis

2109 3244 250 49 Laurent Goddet
