2480 3508
122 241 291 51 ELIS A L'OLVMPIA

118 319 708 47 Elis Régina (vol à l’Olympia, Paris le 27 février.

120 356 1073 49 Elis Régina, la grande dame de la chanson brésilienne, est venue présenter

120 389 1073 47 pour un soir à Paris, son spectacle « Tranversal Do Tempo», qui a remporté ur

120 420 1069 49 très grand succes populaire ces derniers mois à Sao Paulo et à Rio de Janeiro.

122 456 1077 52 Ce récital, où la gestuelle et les enchainements sont tres étudies, est construit

122 493 1075 44 sur une forme théâtrale (Aldir Blanc, psychiatre de profession et parolier par

122 524 1073 48 passion, a participé à la mise en scène, et César Camarguo Mariano — son

122 557 653 51 pianiste et mari — à la mise en forme musicale)

124 592 1075 53 De sa voix chaude, légèrement voilée et feutrée, elle distille, grâce à un phrasé

124 625 1073 51 assez « jazzy » et à une diction enrobant les mots avec tendresse, une sen¬

124 656 1075 47 sualité sophistiquée. Elle chanta quelques grands auteurs de la Nouvelle

124 687 1073 49 Musique Populaire Brésilienne: Milton Nascimento (Travessia), Chico Buarque

124 719 1073 48 De Hollanda (Construçao, Maravilha), Paulinho da Mola (Sinal Fechado, une

124 754 1073 46 très belle version accompagné du seul piano), Joao Bosco/Aldir Blanc (Trans-

126 785 248 51 versal Do Tempo)

124 822 1077 47 Pour ceux qui n’auraient pas eu la chance de la voir sur scène, on ne peut que

124 855 1071 45 conseiller fortement l’achat de son dernier album (« Elis », Philips 6849-384-

124 886 1075 51 import Phonogram), disque qui appelle une écoute attentive si l’on veut en

122 919 599 49 appréhender les multiples beautés cachées

947 947 250 46 Philippe Lesage

122 1048 441 49 FRANK ET ARVA AU TOTEM

126 1124 1080 53 Frank Wright (ts, bcl, vo), Georges Arvanitas (ph Jacky Samson (bh

128 1165 320 43 Charles Saudrais (d).

124 1200 628 47 Paris, bar Totem du Stadium, le 16 mars.

126 1237 1080 45 La vie serait bien triste si de temps en temps une surprise ou un petit

126 1272 790 47 événement ne venaient troubler la monotonie quotidienne

126 1307 1078 49 L’amateur de jazz (appelons-le ainsi) un peu curieux aime bien ce genre de

126 1340 1076 47 nouvelles: « Frank Wright a enregistré avec le trio Arva», et il se renseigne

128 1372 1074 48 illico pour savoir si c’est vrai. Il entend un disque qui est épatant (1), puis, pour

128 1405 1076 44 se rendre compte de quoi il en retourne, il fonce au concert et constate que

128 1438 527 47 c'est encore bien mieux que le disque

128 1471 1078 49 Frank Wright et le trio Arvanitas, chacun à leur façon, souffrent (ou bénéficient)

130 1506 1074 47 de préjugés et d’a priori Wright, par exemple, doit être un peu prisonnier de la

130 1537 1074 49 formule qui fit son succès et que lui imposent sans doute encore les amateurs

132 1568 1072 47 «purs et durs ». Mais il joue avec le trio Arvanitas sans complaisance, sans

130 1600 1074 48 renoncement, sans gommer les caractéristiques de sa propre musique, un peu

132 1631 1072 46 comme l’avait fait Albert Ayler dans certains enregistrements; le trio quant à

132 1664 1072 49 lui, joue le jeu à fond, Arvanitas (à qui bien des pianistes de moindre envergure

132 1693 1070 51 sont souvent prétérés) fait fonctionner ses grandes capacités d’adaptation et

132 1724 1069 49 d’improvisation (une sequence progressive inouie sur un thême de Bobby Few).

134 1759 1065 49 Jacky Samson a de belles fulgurances » free», Charles Saudrais frappe, tape

132 1787 1067 50 cogne, et tout le monde swingue irrésistiblement. Cette musique, ma fo

134 1824 337 48 possède une belle santé

996 1845 208 45 Jean Buzelin

130 1878 443 53 (1) « Shouting The Blues» SEB OO2

132 1976 593 52 BILAN DU JAZZ DANS LE SUD-OUEST

134 2069 1076 49 Si Paris reste toujours, de loin, le principal centre d’activité du jazz et de la mu¬

134 2104 1078 45 sique improvisée en France, il n’en existe pas moins en province des efforts

134 2134 1078 50 plus que méritoires de « décentralisation», Après le point de Luc De Lannoy

136 2163 1076 48 sur la région lyonnaise (JH 341, p. 53), c’est J.-P. Osmont qui nous donne ica

134 2198 938 47 des nouvelles réconfortantes sur le jazz classique dans le sud-ouest.

138 2229 1076 55 Il y a une dizaine d’années, à Toulouse, c’etait pratiquement le neant, du point

136 2270 1076 45 de vue jazz. A part quelques concerts et l’activité sporadique de ce bon vieux

138 2301 1072 45 « Old Time Jazz-Band », qui tenait le coup contre vents et marées, c’était le

138 2328 1074 51 désert total. Ces Old-timers entêtes se produisaient, malgré tout, régulièrement

138 2362 1070 48 au « Jazz-Band Ball» et au Festival de San Sébastien. Je pense qu’il en étai

138 2395 944 48 de même à Bordeaux, à Pau, à Carcassonne ou à Villeneuve-sur-Lot.

140 2432 1072 50 Et puis, depuis quelques temps, un peu partout, le jazz refait surface. Vous

138 2465 1074 47 avez dit « bizarre »? Pas du tout. Car le rescapé de la noyade a pu s’agripper à

140 2504 361 43 des bouées de sauvetage.

150 2535 1060 47 — A Bordeaux, c’est Lafosse avec son Sigma-Jazz-Focus, c’est le chronologi¬

140 2566 1070 49 cien Loulou Coussillan et le toujours fana Gérard Olympe.. C’est aussi Cour¬

140 2601 901 49 tioux et Arnauton avec leurs émissions à FR 3 Bordeaux-Aquitaine

148 2642 895 45 — A Bayonne, c’est Dominique Burucoa et son Hot-Club basque.

148 2679 1062 47 — A Toulouse, c’est Duniague, l’entêté, avec son Hot-club super autonome

142 2712 1070 45 c’est FR 3 qui ne manque pas une occasion de passer du jazz sur l’antenne

140 2742 1068 46 (une émission hebdomadaire m’est d’ailleurs confiée depuis plusieurs années)

140 2771 1070 49 Cest aussi le Centre Culturel Municipal: le quartette Claude Guilhot/Danie

146 2808 713 49 Humair y joua tout récemment pendant une semaine

150 2853 1072 44 — A Carcassonne, c’est un Hot-club libèré depuis longtemps qui maintient le

144 2886 491 47 pavillon haut sur les tours de la Cité

149 2914 1070 59 — A Narbonne, c’est une association culturelle, le GAAM qui présente régu¬

144 2956 425 47 lièrement des concerts de jazz

191 2995 781 49 A Albi, c’est le pianiste Bie avec son club de Saint-Juéry

149 3022 631 65 — A Agen, c’est également le Centre culturel.

154 3077 941 47 — A Montauban, c’est une poignée de « fideles » et de. mécréants

193 3114 1027 49 A Pau, c’est Morgantini, Darmendrail et une municipalité pro-jazz (plusieurs

146 3151 924 47 concerts gratuits !êté dernier et de bons projets à brève échéance)

200 3186 556 49 A Souillac, c est J. Calvel et Sim Copans

196 3225 891 53 A Biarritz, c’est évidemment Jean d’Arcangues et ses folles nuits

193 3266 853 52 A Villeneuve-sur-Lot, c’est Roumagne, la bouée de sauvetage

1319 202 1079 47 J'en oublie, c’est probable, Qu’on ne m’en veuille pas. Mais des bouées, il y en

1319 231 1079 49 a partout, heureusement, au pays d’Oc. Grâce à elles, le jazz n’a pas sombré

1319 265 1075 46 dans les abimes de l’indifférence. Jusqu’au chanteur occitan Marti qui se fit ac¬

1319 298 732 46 compagner un certain temps par des jazzmen du cru.

1319 329 1075 52 Pourtant, à Toulouse, le Old Time Jazz Band, seule formation stable à

1319 366 1079 49 l’époque, partit à la dérive. Son capitaine vénèré, Jacques Gauté, en 72, s’em¬

1319 401 480 47 barqua.. pour la Nouvelle-Orleans

1319 438 1079 51 La-bas, il fut embauché comme cuisinier-saxophoniste! Et il y est resté; alors

1323 471 1075 49 le OT.J.B, se saborda. Babord forma le Lulu White’s Jazz Band, Tribord monta

1323 502 1073 53 le Pa-pa-dip J. B. avec Gérard Gervois (dit Gégène) actuellement soubasso¬

1321 535 1079 49 phone de l’Anachronic Jazz-Band et Claude Tissendier actuellement saxo chez

1321 569 1079 44 lrakli et Bolling. Cette sympathique formation, également dissoute, a donné

1323 596 1077 49 naissance à un groupe devenu 100 % professionnel : les Hot d’Oc. On les voit

1323 631 1075 49 surtout taire la manche, hélas. Pourtant, ils produisent une musique technique¬

1323 662 1073 47 ment et émotionnellement bonne, lls ont même monté un véritable petit show.

1323 693 989 53 Malgré cela, les engagements sont rares et ils ont du mal à tenir le coup

1329 738 741 49 ll existe encore à Toulouse trois formations régulières

1333 769 1076 59 — Le Jazz 4 qui a vaillamment continué à fonctionner cette année malgré le

1331 810 493 49 départ de Tissendier (voir plus haut)

1339 847 1064 49 — Le Quintette de Jazz de Toulouse, qui tourne régulièrement depuis deux

1333 886 57 47 ans

1333 921 692 47 — Le New Doctor Jazz, nouvellement reconstitué.

1333 956 1033 55 Il y a aussi une nouvelle formation de jazz-rock: le groupe Hope de Bijardel.

1333 995 1074 53 Ces petites formations se produisent regulièrement dans plusieurs restaurants

1335 1029 1070 50 de la ville (Le « Petit Bedon », le « Pharaon » genre de café-théâtre, la « Mar¬

1333 1062 1074 48 mite »). Toulouse avait encore récemment sa grande formation: le Big Band de

1333 1097 716 48 Marc Décima. I n’a pas tenu et c’est bien dommage

1333 1136 1076 50 En revanche, le Big-Band de Pau s’est subitement épanoul en 77, au Festival

1333 1171 1074 47 d’Andernos. Cest le fruit d’un travail régulier et opiniâtre depuis plusieurs

1335 1202 1070 49 années Ce grand orchestre réunit des musiciens de Bordeaux, de Toulouse

1335 1233 1072 49 de Dax, de Bayonne et de Pau, bien sûr. Malgré ce handicap, les répétitions

1337 1264 1070 51 ont lieu chaque semaine au Conservatoire de Musique de Pau. Le répertoire

1335 1296 1072 48 tourne peut-être encore un peu trop autour de Basie. C’est le piege (parfois le

1335 1327 1070 52 pied). On ne peut nier, tout de même, que Basie constitue une bonne base

1337 1358 1076 49 Lorsque le Boss-Darmendrail aura déniché l’oiseau rare des arrangeurs, le Pau

1335 1391 1076 49 Big-Band affirmera sa personnalité. En attendant, par curiosité, vous pouvez

1335 1422 1076 49 toujours vous procurer le disque du PB.B. qui vient de sortir chez Black and

1337 1457 66 51 Blue

1335 1500 1080 55 A Bordeaux, il existe une autre grande formation: le Jazz-Workshop de Jean

1335 1535 1074 49 Courtioux qui a maintenant largement dépassé les frontières d’Aquitaine, avec

1337 1568 540 49 sa participation à de nombreux festivals

1335 1605 1076 49 A Bordeaux également, il existe plusieurs petites formations de style dit « tradi¬

1335 1637 1076 48 tionne! ». Elle se produisent dans des bars (le « Jimmy's», le « Bahut» sont

1335 1670 1076 50 parmi les plus anciennes boîtes de jazz) ou des restaurants comme le Chais

1335 1701 1076 47 dont le patron Vivi, amateur de jazz, organise depuis plusieurs années une

1335 1732 1076 49 soirée-jazz hebdomadaire et engage de temps en temps les vedettes de jazz

1337 1767 368 47 de passage dans la région

1335 1800 1076 53 Ces petites formations ont pour noms : les New-Orleans Snappers de Guy

1335 1831 1078 53 Maria qui tournent depuis plusieurs années. Le solide New-Orleans Jazz-Band

1335 1865 1076 52 bien connu des habitués du Club Méditerranée et plus particulièrement du

1339 1896 1070 52 «chef de village» Pops, vieil amateur de jazz Ce groupe se produit con¬

1337 1931 1074 47 tinuellement, son patron, Francis Haimovici, étant un excellent “ public¬

1337 1964 1076 49 relation ». L’ancien tromboniste de cette formation. Rémy Laven, joue main¬

1339 1999 380 47 tenant chez Marc Laterrière

1339 2030 1072 55 Dans la même catégorie, on peut également citer deux formations » regulieres »

1347 2063 1060 57 à Dax, Bullis Bonnefont, un ancien trompette d'Alix Combelle, a

1341 2095 1078 52 reunt une formation traditionnelle de veterans. Dans le meme com, l’Occiland

1345 2128 1068 52 Jazz-Band vient d’être monté par quelques fanas du Big Band de Pau. A l’om¬

1343 2159 1072 52 bre de la cité médiévale, la petite formation du Hot-Club de Carcassonne se

1343 2198 372 47 réveille de temps en temps

1343 2227 1072 55 A Tarbes, le trio de Jackie Huin se produit régulièrement au café Big-Ben tan¬

1343 2260 1070 55 dis qu’à Pau, ville voisine, le caté Henry-I abrite le piano de Claude Cohen. A

1343 2301 542 47 Biarritz, des jams ont lieu au piano-club.

1343 2332 1076 53 Et puis, des formations plus « evoluées» ne manquent pas non plus dans le

1343 2364 1072 52 Sud-Ouest. J’ai entendu à une émission télévisée de FR 3, le « Trio de Saint-

1343 2395 1074 52 Juéry » qui joue régulièrement dans un petit club des faubourgs d’Albi. A Bor¬

1343 2426 1076 51 deaux, deux formations m’avaient assez impressionné, celle du trompettiste¬

1343 2457 1072 53 tromboniste-vibraphoniste Loulou Miailhe ainsi que celle du percussionniste

1343 2490 1074 53 Jackie Craissac. A Narbonne, j’ai été frappé par les expériences du saxopho¬

1343 2527 655 51 niste Jules Calmettes, et du pianiste H. Fourès.

1343 2558 1076 55 Dans le Sud-Ouest, c’est comme dans les autres provinces sans doute: on

1343 2592 1076 52 forme les musiciens dans de petits groupes plus ou moins permanents et plutot

1345 2623 1074 56 plus que moins amateurs. Quand les types ont vraiment ca dans le sang. ils

1347 2658 1072 49 quittent le pays et “ montent » à Paris (je pense aux Lafitte, Roques, Guilhot,

1347 2689 1070 51 Canillard, Lobligeois, Barrié, Lebrun, Décima, Mackak Lubat, Biensan, Morin,

1347 2720 1070 51 Nan, Calmettes, etc. et tout récemment, Gervois, Tissendier, Laven...). Car à

1345 2751 1076 49 Paris seulement, on peut tenter la consécration et essayer de ne vivre que du

1347 2783 1074 54 jazz. C'est bien difficile, mais quelques-uns y arrivent tout de même. En restant

1349 2812 1070 52 en province actuellement, il faut, soit prendre un métier « alimentaire», soit

1347 2845 1072 56 jouer dans des formations dites de “ baloche ». Les cachets sont maigres et les

1349 2876 1070 55 affaires pas tres nombreuses La radio et la télé n’ont pas de crédits et les or¬

1351 2909 1070 53 chestres passent « pour la gloire ». Ce n’est pas nouveau. Ce n’est pas la joie

1349 2938 1070 51 non plus, mais ca viendra. Car on aime tellement “ ca » et on y croit si fort, à

1349 2972 1074 48 Toulouse, à Bordeau et dans tout le Sud-Ouest. lcl, on vit une action constante

1351 3003 1068 56 et obstinée, sans festival tapageur (qu’est-ce que cela doit être en Bretagne

1349 3038 115 49 alors !..

1349 3071 1076 55 Et puis, les chevronnés reviennent souvent s’installer au Pays. J’ai noté l’atti¬

1349 3104 1074 53 rance particulière du département du Gers, si près de Toulouse. Guy Lafitte y

1349 3137 1074 51 réalise un vieux rêve: posséder sa propre ferme. Bill Coleman va prendre ses

1349 3166 1074 53 quartiers d’été à quelques tours de roues de chez Guy. Daniel Humair, lui ausst

1349 3200 1074 50 séduit par le pays, nous a demandé de lui trouver un vieux toit de « tuiles

1349 3235 563 50 canal » Tout cela met du cœur au ventre

2238 3262 195 47 J.P. Osmont

2378 3350 53 48 35
