2480 3508
115 966 118 43 9 mars.

113 1001 1052 49 Illinois Jacquet (ts), Hank Jones (ph George Duvivier (b), J.C. Heard (d).

116 1046 1071 45 A l’issue du concert, un de mes amis, singulièrement connaisseur et amateur.

116 1077 1071 45 me faisait part d’une certaine insatisfaction par rapport au plaisir qu’il en atten¬

116 1110 800 45 dait. En un mot il était, m’avait-il confié, « resté sur sa faim

122 1147 1073 45 Je lui rétorquai qu'il s’agissait dun concert, non dune seance d'enregistre¬

118 1179 1073 48 ment, non d'une “ audition» en vue d un enregistrement ou dun engagement

115 1212 1074 46 pour un des festivals internationaux aux U S.A. ou en Europe. Illinois Jacquet

115 1245 1072 41 savait bien ce que le public (point uniquement composé d’amateurs chevron¬

116 1274 1075 49 nés ou de spécialistes) voulait entendre: Flying Home, Robin's Nest,

116 1309 769 45 Louisiana, Jean-Baptiste Blues ou Blues En Jacquette..

116 1350 1073 47 Ceci dit, lllinois Jacquet au Palais des Congrès, a swingué au maximum et nous

116 1383 1073 45 a régalé de ses interprétations, y compris un ou deux choruses où il a rendu un

118 1414 1071 47 hommage à Lester Young en imitant (non pas à la lettre mais dans l’esprit) le

116 1442 1071 48 Pres Que dire du jeu de Hank Jones, planiste toujours superbement inspiré, ur

116 1479 1075 45 de ceux qui « accompagnent» le mieux les autres musiciens ? Que dire de la

116 1512 1075 43 prestation de Duvivier qui demeure, malgré l’afflux des jeunes, un des meilleurs

116 1543 1073 41 contrebassistes en exercice? Enfin on connaît le  drive» la précision, l’intelli¬

118 1574 1075 43 gence musicale de J.C. Heard. Si l’on veut bien comprendre et admettre les

116 1607 1077 41 impératits d’un concert destiné au grand public, on sera d’accord pour dire

118 1639 1075 46 que ce fut la un bon concert et que la plus grande partie du public était aux

118 1670 86 46 anges

961 1705 234 49 Maurice Cullaz

124 2533 119 39 11 mars

118 2564 782 47 Tania Maria (p, voc), Bunny Brunel (b) Jose Boto (d).

120 2607 1081 45 Charles Tolliver (tp, flh), Gordon Beck (p), Burt Thomson (b), Alvin Queen

118 2634 47 51 (d)

120 2677 1082 47 Path Metheny (g), Lyla Mays (keyboards), Mark Egam (b), Dan Gottlieb

120 2705 47 50 te).

122 2745 1077 51 Soirée de clôture, soirée éclectique. Trois prestations d'un excellent niveau

118 2784 1079 43 dans trois “ genres » heureusement mêles: ce soir-là la programmation nous a

120 2816 266 46 pleinement satisfait

118 2853 1077 46 Incontestablement c’est la prestation de Tania Maria qui fit le tabac de la

122 2886 1071 45 soirée. Moins sur le public cependant qu’un Charles Tolliver ou un Pat Metheny

120 2917 1071 43 aux registres mieux connus. Débordante d’enthousiasme dans un jeu pianis¬

120 2948 1073 45 tique qui allie le lyrisme de Jarrett et la brillance de Corea, Tania Maria fit vivre

124 2981 1067 43 son piano, ivoire et bois mêlés, entre transe et tendresse. Mélodies hispa¬

120 3012 1075 41 nisantes, harmonies bluesy, rythmes brésiliens.. Plutôt qu’un mélange des

120 3042 1073 48 genres Tania Maria nous offrit une formule extremement personnelle et

118 3071 539 49 cohérente de dépassement des genres

118 3112 1077 45 A l’inverse, la musique de Charles Tolliver investit un univers bien delimité et

120 3143 1075 47 jadis exploré par Blakey et ses Messengers. Le discours du leader fut aussi

120 3176 1075 43 inégal que celui de ses partenaires s’avera passionnant. Gordon Beck et Alvin

118 3205 1075 45 Queen s’entendant comme larrons en foire aux côtes d’un excellent Burt

120 3237 1073 46 Thomson. Les fulgurances de Beck amplifiées par le drumming dense et fort de

118 3270 755 47 Queen firent palir le jeu du leader, souvent complaisant

1349 401 45 158 nichelgodif

1421 551 865 168 GUITARES

1785 510 240 62 FMn

1684 724 191 178 N

1637 906 659 113 Y GOMEZ

1912 695 103 53 NIIIIII

1887 877 123 46 LILII

1846 1151 60 45 A

2080 728 203 170 17

1431 1169 855 134 moi, Jaime

1360 2868 989 57 25, avenue du Président Roosevelt

1538 2814 649 56 OISTRIBUTEUR EXCLUSIE

1364 2925 983 56 78. MANTES-LA-JOLIE - Tél. 477.03.35

1848 2759 390 51 6.020 3

1487 3092 723 57 LISTE DE NOS REVENDEURS SUR DEMANDE

2349 3357 53 51 33
