2550 4200
214 1661 701 56 • Les enregistrements du Jazz Composer's

212 1701 701 49 Orchestra que nous annoncions dans un

210 1736 700 53 précédent numéro sont terminés. Ceux qui

210 1773 696 47 sont intéressés par ces disques ou vou¬

210 1803 696 54 draient des informations peuvent écrire à

212 1843 698 54 l’adresse suivante : The Jazz Composer's

212 1878 696 54 Orchestra Association, Inc., 261 Broadway.

207 1911 360 58 New York, NY 10007

210 1981 703 63 • Nous avons déja eu l’occasion de vous

210 2027 696 54 parler des activités du « Groupe 212 »

210 2062 698 52 (concerts avec Archie Shepp, séminaires

212 2102 698 49 de recherche, etc.). Ce groupe va conti¬

207 2132 703 52 nuer à fonctionner d’une manière d’ailleurs

207 2170 701 51 informelle. Il voudrait offrir, à des prix très

207 2205 701 53 bas, des possibilités de retraite aux ar¬

210 2242 703 49 tistes, qu’ils soient musiciens, poètes, dan¬

212 2279 701 52 seurs, etc. Ceux que la chose intéresse ou

207 2310 703 51 qui voudraient de plus amples informations

207 2347 701 51 peuvent écrire à : Groupe 212. P.O. Box

207 2382 561 58 96. Woodstock, New Vork 12 498

212 2452 696 61 • Le New York Art Ensemble dirigé par

210 2499 698 56 le trompettiste Clifford Thornton et com¬

212 2534 698 58 posé de Sonny King à l’alto, de Jimmy

210 2569 698 53 Garrisson à la basse et de Rashied Ali

210 2604 698 56 aux percussions a obtenu un gros succès

210 2643 700 56 lors du Daytop Musical Festival (Staten

207 2674 115 60 Island)

224 2751 682 58 • On connait la fascination de Charles

210 2793 693 51 Mingus pour la voix humaine et ses di¬

212 2828 694 53 verses tentatives avec des poètes. Le

210 2859 690 60 27 juin dernier il a accompagné à le

207 2898 701 51 contrebasse le poète Sayed Hussein. Ceci

212 2933 689 53 se passait au loe Archer s Bar (New Vork)

214 2970 685 54 On remarqua surtout le poème- 3 Ks

207 3007 432 54 (Kennedy, King. Kennedy)

207 3080 703 56 • Bob Thiele a surpris tout le monde en

207 3122 701 51 annonçant le 13 octobre qu’il démissionnait

212 3157 696 53 de la firme ABC, où il s’occupait des

207 3196 528 54 catalogues Impulse et Bluesway

205 3236 705 61 Bob Thiele travaillait pour la firme ABC

205 3280 698 56 depuis sept ans et sa carrière avait été

210 3318 693 51 extrêmement brillante dans tous les do¬

207 3348 699 56 maines, que ce soit la pop music, le jazz

210 3390 693 51 d’avant-garde ou le blues. C’est lui qui a

207 3420 696 56 fondé la sous-marque spéclalisée en jazz,

207 3460 694 51 Impulse et en a fait le porte-drapeau de

210 3493 684 53 l’avant-garde. Mais des artistes comme 1

207 3528 692 53 Bone Walker, lohn Lee Hooker et B.B

207 3560 696 54 King lut doivent beaucoup de par la sous¬

205 3598 567 58 marque Bluesway qu’il avait créé

210 3647 700 56 La séparation s’est faite à l’amiable, et

212 3686 691 59 Bob Thiele a donné comme raison de son

207 3721 699 54 départ qu’il » voulait avoir des contacts

205 3761 696 54 plus étroits avec les jeunes talents de la

205 3794 701 53 pop music et du Jazz, puisqu’aussi bien

207 3831 694 49 c’est là que se trouve la musique réelle¬

205 3861 698 54 ment vivante d’aujourd’hui ». Mais on an¬

205 3899 701 53 nonce déjà une nouvelle association avec

205 3934 701 58 Bob Thiele sur des bases beaucoup plus

207 3971 369 58 avantageuses pour lui

983 1654 705 58 V Miles Davis un soir se promenait tranquil¬

985 1701 703 46 lement dans Londres quand l’envie lui prit

983 1736 702 49 d’entrer au Ronnie Sott's Club. Sur la

983 1768 693 54 scène, la chanteuse Hélène Delmar, ur

985 1806 700 53 peu en retrait un jeune bassiste, Dave

983 1841 702 53 Holland, 22 ans, tout juste diplômé de la

985 1878 703 49 Guilhall School of Music. Miles écoute en

985 1915 700 52 silence, puis va voir Dave, qui n’en croit

980 1948 708 49 pas ses oreilles: « Si vous voulez bien

983 1983 700 56 jouer dans mon orchestre, rendez-vous à

987 2018 696 51 New York en août. » C’est ainsi que

987 2055 698 54 Dave Holland a débuté avec le Miles Davis

985 2093 698 46 quintet pour 10 soirées au Count Basie’s

985 2123 691 54 Club de Harlem. Depuis il n’a plus quitte

987 2156 696 53 Miles, lequel ne tarit d’ailleurs pas d’éloges

985 2195 698 52 sur son compte. Dave ne joue de la basse

990 2233 695 51 que depuis 1964. Il avait joué précédem¬

983 2268 700 49 ment de la quitare et de la quitare basse

983 2300 695 54 dans un orchestre de rock and roll. Or

985 2338 696 53 connait le génie de Miles Davis en ce qui

983 2375 695 54 concerne la détection de jeunes talents

987 2410 696 49 on ne peut donc que beaucoup attendre

985 2445 700 49 de Dave. Il paraitrait qu’il a une technique

980 2478 694 53 phénoménale et une conception très ori

985 2515 327 58 ginale de la mélodie

990 2555 695 58 Si tous les problemes juridiques peuvent

983 2597 691 53 être rapidement résolus, Dave Holland de

983 2634 551 51 viendra le bassiste de l’orchestre

983 2697 698 58 E Un groupe de musiciens d’avant-garde

983 2739 695 49 européens organise un festival à Berlin les

987 2768 690 60 et 9 novembre pour s’opposer à l’of¬

983 2804 700 59 ficiel Berlin Jazz Festival, Son titre: Total

983 2839 102 61 Music

987 2881 694 56 Sont annoncés: John Stevens end the

987 2921 696 51 Spontaneous Music Ensemble, Peter Brotz¬

985 2961 696 51 man Group, Manfred Schoof Quintet,

983 2996 700 49 Donata Hoffer Group. Gunther Hampel’s

985 3026 696 56 Time Is Now Group et le Globe Unit

983 3063 161 54 Orchestra

987 3129 703 58 E Chris Mac Gregor a donné un concert

987 3175 698 47 au club 100 de Londres, qui a recueilli un

987 3208 698 56 tres gros succes. Il prépare un nouvel

987 3245 698 52 album et travaille à des compositions pour

985 3276 696 53 un passage au Ronnie Scott Club. Indiscu¬

985 3315 504 56 tablement un talent qui monte

987 3371 701 59 EIle semble bien que l’album des Rolling

987 3416 698 51 Stones qui fait couler tant d’encre, ne sera

987 3448 694 56 jamais publié. La firme Decca refuse de le

985 3481 698 54 distribuer en Angleterre avec sa pochette

983 3518 698 56 initiale (qui représente des waters aux

983 3556 702 46 murs particulièrement souillés de divers

985 3588 696 56 graffiti et matières...). Les Rolling Stones

985 3626 698 53 sont intraitables: ce sera cette pochette

987 3663 694 51 ou rien du tout. Aux dernières nouvelles

985 3693 696 59 il serait extrait de l’album deux titres pour

983 3733 158 56 un single

983 3784 702 59 • Junior Walker, dont on peut apprécier le

985 3831 700 54 jeu particulièrement viril dans Hip City

985 3866 700 51 part 2 qui vient de paraître, a commencé

983 3899 700 49 une nouvelle tournée européenne par un

985 3934 696 67 concert, le 1er novembre, à l'Université de

983 3969 149 67 Coventry

1763 1654 702 56 • Les saxophonistes Sam Rivers et

1758 1698 705 54 Pharoah Sanders se produisent chacun un

1760 1736 463 53 soir par semaine au Slug’s

1763 1780 698 61 • Les Mothers of Invention ont donné

1760 1827 701 56 deux concerts les 25 octobre au London

1758 1869 705 49 Royal Festival Hall. Frank Zappa a accordé

1760 1901 701 54 un interview percutant au Melody Maker.

1763 1936 700 54 Signalons d’autre part qu’on peut trouver

1760 1971 701 52 au Quartier Latin un poster de Frank Zappa

1763 2009 695 56 dans une posture méditative, qui est très

1758 2041 217 63 très chouette

1763 2102 700 56 •Les concerts organisés chaque année

1763 2142 700 53 par Daniel Humair, les dimanche après¬

1763 2177 700 49 midi au Musée d’Art Moderne ont repris

1763 2214 698 49 en octobre avec Frank Foster (le 13), les

1758 2244 703 54 trio de Georges Arvanitas et Martial Solal

1760 2282 463 56 (le 20), Phill Woods (le 27)

1760 2324 703 58 Par ailleurs Daniel Humair et Christian

1763 2363 698 52 Rose ont lancé une série de concerts qui

1765 2401 698 49 se dérouleront tous les quinze jours au

1760 2431 694 58 Théâtre de La Potinière, le mercredi à

1758 2464 143 70 21 h 30.

1758 2515 707 54 Nous avons pu entendre le 23 octobre Art

1758 2555 523 60 Farmer et le Trio G. Arvanitas

1760 2608 705 59 • Maxim Saury et son grand orchestre

1763 2653 693 56 joue à Bobino dans le programme de

1758 2690 271 56 Georges Chelon

1760 2737 701 63 • Le grand orchestre de l’Olympia est

1763 2786 698 49 actuellement dirigé par Sy Oliver, le cé¬

1760 2821 698 58 lèbre trompettiste et arrangeur de Jimmy

1756 2851 172 63 Lunceford.

1760 2909 701 66 • Gérard Terrones et Georges Mark orga¬

1760 2951 698 54 nisent une série de concerts qui se dérou¬

1760 2986 698 54 leront chaque dimanche apres-midi à l’Ame¬

1758 3021 700 54 rican Center for Students and Artists (ne

1760 3063 703 52 pas confondre avec le Centre culturel amé¬

1758 3094 705 58 ricain situé 3, rue du Dragon). S'y sont

1758 3133 135 54 produits

1763 3175 702 52 Samedi 12 octobre: Le Trio Michel Roques

1763 3213 460 53 et le Quartet Hank Mobley

1758 3252 705 59 Dimanche 27 octobre: Les Blues Sounds

1760 3287 698 54 d’Alain Bromberg et le Quartet Joe Hen¬

1760 3322 115 59 derson

1763 3369 700 54 Ces concerts présenteront chaque fois une

1758 3406 703 47 formation française et un ou plusieurs so¬

1758 3441 705 52 listes américains. Contact : Gérard Terro¬

1758 3476 504 54 nes Gill’s Club. LOUvre O5-95

1760 3535 703 53 • Benoit Charvet et Gérard Terrones ont

1763 3574 700 49 décidé de monter une école de basse au

1760 3607 701 54 Gill's Club. Franco Manzecchi et Michel

1758 3644 703 49 Roques compléteront cette Ecole d’Initia¬

1763 3682 702 49 tion musicale. Les cours qui auront lieu

1763 3717 698 51 l’après-midi au Gill’s Club, avec une classe

1760 3752 701 56 pour débutants (basse, piano, drums, an¬

1760 3789 703 47 ches, guitare) et une classe pour musi¬

1763 3824 698 54 ciens plus chevronnés (basse, drums,

1763 3857 698 51 anches), débuteront fin octobre à des

1760 3896 372 49 tarifs très abordables.

1758 3936 707 56 Contact: Benoit Charvet, BAB 36-05 et

1756 3973 478 59 Gerard Terrones, LOU 05-95

2407 4013 49 70 17

1786 1375 686 196 FLASHES
