2550 4200
207 1418 696 56 particuller des disques réalisés, souscrip¬

205 1458 701 54 tions, distributeurs particuliers) et de don¬

205 1488 696 56 ner une idée des disques qui seront pro¬

207 1528 80 56 duits

207 1593 694 56 L'un de nos projets en mêlant jazz, mu¬

210 1635 696 52 sique classique ou contemporaine et chan¬

210 1673 698 53 sons est de montrer que chacun de ces

207 1708 699 51 labels n’existe que pour des raisons com¬

205 1740 696 56 merclales : chaque secteur a sa chentèle

205 1808 701 56 Les enregistrements réalisés pour cette

207 1852 701 49 expérience doivent permettre de composer

210 1887 651 61 sept à huit microsillons (30 cm. 33 t).

205 1925 504 53 répartir dans la liste suivante

203 2018 327 56 Enregistrements de

259 2088 644 58 1. Frénay, J. Vern, M. Portal, B. Vitet,

205 2121 659 60 F. Tusques, B. Guérin, I-F. Jenny-Clark,

249 2177 565 58 l. Frénay, B. Guérin, A. Romano;

219 2230 684 61 — J. Frénay, B. Guérin, J.-F. Jenny-Clark;

273 2284 630 61 - Tusques, l. Vern. J. Frénay, B. Vitet

217 2321 21 56 B

263 2326 638 54 Guérin, A. Astier, Françoise Tusques

217 2356 537 61 D. Laloux (La Chasse au Snark)

261 2405 642 59 M. Portal, B. Vitet, F. Tusques, B. Gué¬

207 2447 351 59 rin. J.F. Jenny-Clarke

256 2492 652 63 J. Vern. B. Vitet, B. Guérin, A. Romano

259 2550 462 63 6 flûtes (La Carmagnolle),

221 2555 19 60 4

217 2601 383 66 — M. Portal, J. Thollot;

214 2657 423 63 — Chanson d’E. Gaumont.

210 2718 651 61 Sont en projet des enregistrements de

207 2762 696 52 lean-Charles François. Michel Portal, Phi¬

205 2795 694 56 lippe Maté, Bernard Prunter, Robert Bar¬

210 2830 628 58 nett, Barney Wilen, Bernard Vitet, etc

203 2968 490 65 LES CONCERTS DE L'ORTE

203 3061 700 56 André Francis, en nous présentant les or¬

205 3098 698 56 chestres de Kurt Hadelhagen et de Frante

207 3140 696 54 Foster, inaugurait à l’ORTF la série des

207 3175 493 54 concerts de jazz de la saison

200 3285 358 56 KURT HADELHAGEN

207 3378 694 56 Le grand orchestre de Kurt Hadelhagen

205 3418 696 49 malgré une publicité réduite et grâce sans

203 3448 698 54 doute à la gratuité de l’entrée avait attiré

203 3488 693 54 une foule respectable dans l’auditorium 104

205 3544 698 54 Cette énorme machine, à mi-chemin entre

207 3584 696 51 la variété et le jazz nous donna une leçon

203 3614 698 54 de » propreté », de mise en place et de

205 3656 696 54 travail bien fait. Certes, c’est une musique

205 3691 691 56 sur laquelle il doit faire bon danser, mais

210 3726 686 56 son audition, immobile dans un fauteuil

205 3763 364 59 ne fut guère exaltante

203 3812 698 59 Les techniciens purent apprécier la pré¬

203 3857 696 53 ciston des sections d’anches et de cuivres

203 3896 696 49 ainsi que la bonne technique de tous les

203 3929 698 54 solistes mais les auditeurs durent sans

203 3969 700 46 doute se demander à plusieurs reprises

200 4006 586 72 pourquoi tous semblaient si tristes..

978 2986 273 47 FRANK FOSTER

980 3070 698 49 En première partie du programme nous

978 3101 700 63 pûmes écouter le quartette Coh-El-Mec.

980 3138 698 51 On peut se demander s’il ne s’agit pas là

985 3175 693 52 du meilleur groupe amateur de free jazz

980 3208 696 54 qu’on ait pu entendre en France et dans

978 3245 703 54 les festivals internationaux, depuis le debut

978 3280 696 52 de cette musique. Il est d’ailleurs très révé¬

985 3318 691 53 lateur que les auditeurs de la salle 104,

980 3353 696 46 qui, visiblement, étajent venus pour en¬

980 3390 701 51 tendre Frank Foster aient été conquis par

978 3423 700 51 ce quartette formé de lean Cohen au saxo

978 3455 698 54 ténor, de Dominique Elbaz au piano, de

980 3495 698 49 François Méchali à la contrebasse et de

978 3528 700 53 lean-Louis Méchali à la batterie. Précisons

983 3567 698 47 qu’il s’agit d’amateurs au sens plein du

978 3598 696 53 terme : Cohen est étudiant en sclences

978 3633 698 56 économiques, Elbaz et lean-Louis Méchali

980 3668 696 60 sont tous deux étudiants en médecine et

985 3707 693 54 François Méchali, encore lycéen, est en

978 3742 698 59 terminale et pense faire, lui aussi, sa

978 3782 154 54 médecine

978 3829 549 60 Venons-en enfin à Frank Foster.

978 3892 705 49 Cet excellent soliste et surtout arrangeur

978 3927 700 53 qui a passé une partie de sa carrière dans

976 3957 702 58 l’orchestre de Count Basie a peut-être

976 3999 700 65 décu ses nombreux admirateurs en parais¬

1756 2979 695 54 sant vouloir jouer dans un style plus clas¬

1753 3012 698 58 sique que celui auquel Il nous avait habitué

1751 3045 301 58 dans ses disques

1756 3089 702 56 Frank Foster était accompagné par le trio

1753 3129 696 51 d’un des meilleurs pianistes de jazz de

1753 3164 698 51 notre pays : Georges Arvanitas secondé

1753 3201 696 51 comme toujours par lacky Samson à la

1753 3234 696 56 contrebasse et Charles Saudrais à la bat¬

1753 3269 75 53 terie

1756 3311 702 53 Frank était tres enrhumé et il faut peut¬

1753 3348 701 56 être voir là la raison pour laquelle il décut

1756 3388 700 49 un peu tous ceux, musiciens et amateurs

1753 3420 698 54 chevronnés, qui le connaissaient tant par

1753 3455 696 54 ses disques avec Count Basie que par ses

1756 3493 698 46 disques en tant que leader (ainsi le très

1751 3525 700 54 beau « Tenderly », Brunswick 87 514). Mais

1753 3563 698 49 il faut tout de même aussi reconnaître

1753 3598 698 53 que sur le plan du saxophone ténor nous

1753 3633 696 51 avons été particulièrement gâtés ces der¬

1756 3670 695 49 nières années et que nous sommes deve¬

1751 3705 700 51 nus exigeants. Force nous est de dire que

1751 3742 700 52 Frank Foster n’est pas de la classe des

1753 3775 703 56 Booker Ervin, Dexter Gordon ou lohnny

1753 3810 105 54 Griffin

1756 3854 700 56 Mais hâtons-nous de tempérer cette appa¬

1751 3887 703 56 rente sévérité : au Caméléon, Frank a fait

1753 3924 698 56 honneur à sa réputation et en a même

1756 3959 698 56 étonné plus d’un. Comme quoi il ne faut

1753 3994 661 66 jamais prononcer de jugement definitif.

2412 4048 46 58 13

1153 1211 1121 95 UN MOIS DE CONCERTS

1426 2891 563 60 Frank Foster et Georges Arvanitas
