2550 4200
91 149 312 54 JOE RENDERSON

100 205 698 61 Joe Henderson a produit une grosse im¬

98 242 700 66 pression lors de ses deux passages au

102 277 694 56 «Chat qui pêche », où il était accompa¬

100 315 693 58 gné par la rythmique de Michel Roques

102 347 694 66 Bien entendu Michel a fait, à cette occa¬

100 382 696 61 sion, de nombreux bœufs et démontré sa

100 420 696 65 grande valeur tant au saxo ténor qu’aux

100 459 698 59 flûtes et (innovation toute récente) au so¬

100 487 700 63 prano. Michel est d’ores et déja considéré

100 527 696 63 par un grand nombre de musiciens améri¬

102 562 696 56 cains (ainsi Pharoah Sanders. Don Ellis.

102 599 696 56 Lockjaw Davis avec lesquels Il joua au

102 632 698 56 Early Bird, lors du festival d’Antibes)

102 672 696 58 comme un des musiciens européens les

107 709 275 58 plus intéressants

105 753 700 66 Quant à Joe Henderson il a joué au Chat

102 793 698 58 qui pêche aussi bien que dans ses disques

105 828 693 58 Blue Note (sous son nom 4140, 4 152

107 865 696 54 4166, 4189, 4227 ainsi que l’excellent

107 900 696 56 BASHIRA Blue Note 4205 sous le nom

105 935 693 56 de Pete La Roca qui contient peut-être le

105 970 670 63 chef-d’œuvre de Joe : Lazy Afternoon).

105 1022 698 60 Joe Henderson appartient à cette généra¬

107 1059 700 56 tion de jeunes talents dont on avait pensé

107 1094 693 58 qu’elle était capable d’inventer le jazz d’au¬

107 1129 698 63 jourd’hui (et dont faisait partie Herbie

105 1166 698 61 Hancock, Freddie Hubbard), dans une

107 1201 696 59 perspective définie par le be bop. Mais

107 1236 696 59 le jazz est allé plus vite qu’eux, et diffé¬

107 1274 698 58 remment, si bien qu’aujourd’hui, ils nous

107 1309 698 60 paraissent classiques. Ainsi de Joe Hender¬

107 1344 696 56 son : son style emprunte énormément à

107 1379 698 53 Coltrane mais aussi à Sonny Rollins et

109 1414 696 56 d’autres saxophonistes plus classiques.

109 1451 694 56 sans pourtant qu’il puisse pousser (le veut¬

109 1486 694 56 11 7) la logique coltranienne jusqu’au bout

107 1523 698 52 c’est-à-dire jusqu’au délire. Point de délire

107 1556 700 56 donc, non plus que de ces inventions qui

112 1593 695 59 font bouger le jazz, mais un musicien

112 1626 691 58 accompli, sûr de son art, suprêmement ha¬

109 1663 698 59 bile à jouer même s’il n’est pas l’inventeur

109 1698 696 61 des règles de son jeu. On l’a admiré sur¬

109 1736 694 53 tout dans les tempo rapides, où sa tech¬

112 1773 602 54 nique et sa verve firent impression.

112 1820 698 63 L’accompagnaient : Siegfried Kessler, tou¬

114 1857 693 63 jours aussi fou, toujours aussi inspiré

112 1894 702 56 Benoit Charvet qui a fait de gros progrès

119 1929 691 59 à la contrebasse et Franco Manzecchi dans

116 1964 698 54 une forme exceptionnelle, qui joua ces

116 1999 696 56 soirs-là les » soli de sa vie ». Les échan¬

116 2034 698 63 ges entre Joe et Franco étatent vraiment

114 2072 703 58 extraordinaires et Franco étonna même ses

116 2104 701 59 admirateurs les plus convaincus (demandez

116 2144 173 54 à Gerber).

116 2184 701 72 Joe Henderson a donné aussi un concert

116 2228 701 51 au Centre Culturel Américain le samedi

119 2265 695 56 19 octobre. En première partie un groupe

119 2298 695 58 de musiciens français ont excellemment

119 2338 698 60 joué dans un style middle jazz très bien

116 2373 701 53 équilibré, très bien construit. L’orchestre

116 2405 701 59 était composé de : Jacques Di Donato et

121 2440 684 59 Alain Guerini (sxes), Benny Vasseur (tb)

119 2478 693 56 Bromberg (org). Daniel Hermelot (gb), Phis

119 2513 695 63 lippe Merville (dms). Di Donato s’est parti¬

119 2548 695 58 culièrement mis en évidence dans » Les

119 2587 266 54 feuilles mortes»

116 2683 276 58 HANK MOBLEY

121 2739 700 75 Le concert du Centre Culturel Américain

119 2788 698 58 présenta Michel Roques en première par¬

123 2823 689 63 tie, accompagné comme toujours par Be

119 2860 698 54 noit Charvet et Franco Manzecchi. Remar¬

121 2898 628 58 quable, surtout au saxophone soprano.

121 2947 703 60 En seconde partie Hank Mobley accompa¬

121 2982 703 72 gné par Siegfried Kessler, Benoit Charvet

121 3042 70 171 2

875 130 701 66 et Franco Manzecchi a convaincu les au¬

873 168 700 58 diteurs qu’il était bien un des saxopho¬

873 205 700 58 nistes les plus intéressants de sa géné¬

875 249 101 54 ration.

875 280 701 60 Tout cela s’acheva par un « bœuf » bien

875 322 698 58 saignant durant lequel Mobley et Roques

873 354 698 59 s’affrontèrent dans une ambiance digne des

875 394 411 58 grands soirs du Birdland.

875 429 701 58 Ce concert est le premier qu’organise,

878 471 693 56 avec toute sa compétence et tout son

878 506 695 61 dévouement, Gérard Terronès, fort bien

878 541 576 68 secondé par sa gracieuse épouse

1256 588 320 60 Pierre CRESSANT.

871 690 478 59 FESTIVAL DE MONTEREAU

875 774 696 61 Pour la deuxième année consécutive, la

878 809 698 56 Maison des Jeunes et de la Culture de

880 849 696 58 Montereau vient d’organiser son festival de

878 879 698 63 Jazz. Il s’agit bien d’un véritable festival

880 919 693 61 puisque, tenez-vous bien, les festivités ont

878 954 695 56 duré plus d’une semaine, du 12 ou 20 oc¬

880 991 698 52 tobre exactement. Se sont produits, au

880 1026 696 52 cours des deux concerts du samedi, le

880 1061 693 54 Royal Garden band et le Soul jazz group

880 1094 700 58 Les dimanches furent dévolus à Dany Doriz

880 1131 698 61 pour le premier et à Phil Woods et Frank

880 1169 700 53 Foster pour la clôture. Chaque soir, entre

882 1204 698 53 les deux Week-ends, furent projetés des

882 1241 696 54 films dont « Django » et le justement fa¬

882 1278 696 54 meux « Jammin' The Blues » et des audo¬

880 1311 698 54 tions/débat réunirent les fans de la région.

882 1346 696 56 Le concert du second dimanche commença

882 1381 698 54 avec Phil Woods, accompagné par Henri

885 1418 698 52 Texier et Daniel Humair. Répertoire soi¬

885 1453 698 59 gneusement sélectionné : « Freedom jazz

885 1486 691 58 dance ». « Watch What happens ». » Jo

885 1519 695 60 suah»... Section rythmique d’une qualité

882 1558 701 56 exceptionnelle margré l’absence de Georges

882 1596 698 56 Gruntz, absence qui permet peut-être fina¬

885 1633 695 56 lement de ne pas forcer sur le volume.

889 1666 694 56 Toujours est-il que Texier et Humair nous

887 1701 696 56 offrirent une prestation éblouissante, tant

887 1738 693 56 sur le plan de l’accompagnement que des

885 1773 700 56 soli. Lors de son intervention sur le dernier

885 1806 700 60 titre notamment, l’improvision de Texier fut

887 1843 696 61 passionnante d'un bout à l’autre. Phil

889 1880 696 54 Woods enfin, un «monstre ». Il possède

889 1915 694 61 tout, la sonorité, les idées. le swing. la

887 1950 698 59 puissance, l’aisance. Ses citations restent

887 1988 700 60 toujours dans le domaine de la suggestion

892 2023 691 56 de bon goût et s’intègrent toujours parfai¬

889 2058 698 56 tement au discours. Elles se réfèrent à de

889 2093 698 56 fameux modèles : « Red Cross ». « Little

889 2130 682 51 Willie Leaps ». « Across the track blues »

889 2163 703 58 Phil Woods est vraiment un très très grand

892 2200 693 56 musicien — lui aussi mériterait sa place

896 2240 451 53 dans le quintette de Miles.

894 2277 700 61 A l’aide de la même rythmique, Frank

889 2317 703 56 Foster parut quelque peu dérisoire par

892 2352 698 56 comparaison. Bon jazzman au demeurant,

892 2389 700 51 ses idées et son lyrisme ne parvinrent pas

899 2424 688 58 à le hisser au niveau de l’altiste. Et les

892 2459 695 56 citations, hétéroclites, parurent encore plus

892 2492 698 63 lourdes : «Le vol du bourdon ». « A love

894 2529 682 56 supreme ». «Les bateliers de la Volga ».

894 2566 698 54 Il s’énerva un peu sur le blues, comme de

894 2599 698 63 juste, mais ne fut vraiment intéressant que

896 2636 691 63 lors d’une séquence où il phrasa dans le

896 2671 696 61 suraigu, ainsi que dans un exposé coltra¬

892 2706 700 61 nien. Rien de commun avec ce que j’avais

896 2744 698 60 pu entendre la semaine précédente au

894 2783 170 56 Caméléon.

899 2818 670 59 Un bien bon concert cependant grâce

894 2856 700 58 Phil Wood et dont il convient de féliciter

896 2891 703 58 les responsables de la MJC de Montereau

899 2928 695 77 et son animateur jazz, M. Souplat en tête

1300 2970 301 68 toicnel BELORME.

1739 186 502 103 CONCERTS

1648 438 215 54 Salle Pleyel.

1653 473 705 59 Merc. 20. 21 h : Jimmy Smith. Donald Bai¬

1655 518 336 56 ley. Nathan H. Page.

1653 562 700 58 Musée d'Art Moderne de la Ville de Paris,

1653 604 345 56 11, avenue P.-Wilson

1650 641 211 66 Places: 5 F

1653 682 192 70 Dim. 10 17 h

1656 724 231 63 Dim. 17 17 h

1968 700 376 79 Un soliste américain -

1649 752 231 67 Dim. 24. 17 h

1973 765 385 49 une formation française

1650 800 234 58 Dim. 1/2, 17 h

1655 868 392 60 Théâtre de la Potinière

1657 910 577 53 7. rue Louis-le-Grand. OPE. 54-74,

1653 952 226 56 Places : 10 f

1655 994 705 58 Merc. 13, 21 h 30 : Jimmy Owens (sous

1657 1038 141 51 réserve).

1653 1073 703 63 Merc. 27, 21 h 30 : Ted Curson (s. rés.).

1655 1145 516 59 THEATRE DE L'EST PARISIEN

1657 1190 701 58 17, rue Malte-Brun, Paris (20e), 686-79-09.

1653 1221 704 74 Mar. 12, 20 h 30 T. Bone Walker. Hal

1657 1281 470 49 Singer, le Trio G. Arvanitas

1655 1339 477 61 O.R.T.F. - ANORE FRANCIS

1657 1388 337 58 Maison de la Radio

1660 1414 691 65 116. avenue du P.-Kennedy, Paris (16e)

1662 1467 404 56 Studio 105 - Places: 5

1660 1509 698 61 Sam. 9. 18 h : Hal Singer, T. B. Walker.

1662 1551 213 56 B. J. Sellers

1662 1584 701 68 Sam. 23, 18 h : Ted Curson et Michel

1662 1635 129 56 Roques.

1660 1659 438 77 Salle 104 - Places 7 F.

1662 1717 698 54 Sam. 30, 21 h : Riverboat Parade, avec

1669 1757 694 53 lrakli Jazzband, les Pieds de Poule, les

1664 1789 694 56 Tin Pan Stompers, les lazz O Maniacs

1664 1822 262 61 les Bootleggers.

1662 1904 554 60 CENTRE CULTUREL AMERICAIN

1667 1950 658 59 3, rue du Dragon, Paris (6°), 222-22-70.

1664 1995 206 53 Entrée libre.

1664 2037 696 58 Merc. 13, 20 h : Michel Roques Trio,

1664 2079 407 53 Claude Delcloo Quartet.

1664 2130 706 72 GERARD TERRONES· GEORGES MARK

1664 2191 701 56 American Center for Students and Artists,

1667 2226 598 63 261, boulevard Raspail. ODE. 99-92

1662 2265 341 59 Places: A F et 6 f

1664 2312 706 58 Dim. 10, 17 h : Billie Poole (voc)) Rhoda

1667 2349 481 61 Scott (orgue) (sous réserve)

1669 2396 701 54 Dim. 17, 17 h : Michel Terrioux Quartet.

1669 2433 467 54 Ted Curson, Michel Roques

1667 2475 700 56 Dim. 24, 17 h : Jimmy Rushing et Budd

1671 2517 330 49 Tate (sous réserve).

1669 2548 701 60 Dim. 1/12, 17 h : Charles Basson Quintet.

1667 2594 476 54 René Thomas (sous réserve).

1667 2650 635 68 FESTIVAL DE JAZZ DE BORDEAUX

1669 2697 313 58 Cinéma Le Capitol

1674 2739 451 58 Dim. 10, 21 h : Earl Hines.

1667 2768 536 81 Lun. 11, 18 h Muddy Watters.

1670 2821 487 73 Sam. 16, 21 h Buddy Tate.

1669 2872 530 65 Dim. 17, 21 h : Claude Bolling.

1671 2921 313 58 Cinéma l’Alhambra,
