2480 3508
105 171 1078 45 ce qui est peut-être son album le plus maitrisé et le plus émouvant. L’astuce

107 204 1076 43 consistant à intercaler la bande sonore, à savoir des images de Charlie Parker

107 229 1076 53 interprétant des thêmes bien précis, donne une présence et un réalisme

105 268 1080 47 étonnant à l’aventure de Little Johnny Lincoln, bassiste de son état. A ne pas

105 302 127 48 manquer.

955 321 236 45 Alain Tercinet

107 354 1080 51 P.S.. A signaler une excellente introduction de Pino Candini, situant le jazz de

105 391 1078 53 l’époque. Une erreur de traduction cependant, le film de Siodmak auquel il est fait

109 432 832 45 allusion s’intitule « Les Tueurs » et non pas « Les Gangsters»

364 485 450 84 CONCERTS

602 571 92 50 PARIS

130 606 1030 46 Le 14 ou le 15 sept. (date encore non-déterminée) au Palais des Glaces, à 20 h 80

131 646 755 64 Le 25 sept au Palace, rue du Fg-Montmartre : les Crusaders.

232 635 731 49 Sunny Murray/ Malachi Favors/David Murray (rens, 355.96.15)

134 689 1029 47 Les 1er, 2 et 3 oct à La Chapelle de la Sorbonne, a 20 h 30. Don Cherry et la

222 716 304 46 chanteuse Jana Haimson.

132 740 1028 53 Les 4 et 5 oct. au Bataclan, 5, bd Voltaire: John Lee Hooker (ss réserves, rens.:

236 768 120 50 355.96.15).

132 797 1028 48 Le 12 oct. au Bataclan : George Adams, Don Pullen, Danny Richmond (ss réserves,

222 824 210 50 rens. : 355.96.15).

132 853 856 47 Le 15 oct. Salle Pleyel, à 21 h. Oscar Peterson (places 40 a 100 F).

512 904 269 45 THÉATRES-CLUBS

136 939 1022 47 Campagne Première, 19, rue Campagne-Première (14e) (322,75.98) Du 19 au 25

225 967 921 47 sept 22 h 30 : Chris McGregor/Doudou Gourand. Du 26 sept. au 2 oct

224 993 934 47 22 h 30. Dave Burrell/Michael Zwerin. A partir du 3 oct. à 22 h 30 : Oriental

224 1023 66 44 Wind.

146 1049 1015 73 Caveau de la Huchette, 5 rue de la Huchette (5e) (326.65.05) Tous les soirs sauf le

225 1087 924 53 dimanche, à 20h30 : du 16 au 19 sept. : Dany Doriz Quintet ; du 20 sept. au 16

233 1112 392 45 oct.: Maxime Saury Jazz Fanfare

134 1138 1031 44 Caveau de la Montagne, 18, rue Descartes (5e) (354 82 39) Tous les soirs saut le

233 1163 591 50 dimanche à 22 h 30. Programme non communiqué

136 1198 1026 41 Chapelle des Lombards, 62, rue des Lombards (1er) (236.65.11). Tous les soirs sauf

226 1225 928 41 le dimanche: du 19 au 25 sept. à 20 h 30. Claude Barthélemy trio; du 26 sept.

224 1249 930 45 au 2 oct à 20 h 30. Michel Portal + invités ; du 3 au 9 oct. à 20 h 30: Bernard

220 1274 940 43 Lubat /Norbert Letheule; du 10 au 23 oct., à 20 h30. Sugar Blue et Steve Potts

226 1303 627 43 quintet. Du 5 sept. au 16 oct à 22 h. Azuquita (Salsa)

136 1329 1026 46 club Saint-Germain, 13, rue St-Benoit (6e) (222 51.09) a 22 h 30. Programme non

231 1356 146 44 communiqué

134 1381 1029 45 Petit Opportun, 15, rue des Lavandières-Saint-Opportune (1e) (236.01.36). Tous les

233 1409 486 49 soirs à 23 h. Programme non communiqué

134 1434 1028 47 Riverbop, 67, rue Saint-André-des-Arts (6e). Tous les soirs à 22 h 30. A partir du 12

233 1461 243 41 sept.: Herve Bourdes

137 1476 1015 96 Pour tout renseignement complémentaire, appeler 24 h sur 24 h Dolo

222 1514 561 55 Music informations concerts: 325.28.27)

491 1561 314 46 BANLIEUE/PROVINCE

134 1598 1028 42 Le 28 sept à Combs le Ville, Salle des fêtes (060.76.98), à 21 h: le sextet de Michel

233 1625 445 47 Edelin (Querlier, Jean-Marie, Vidal, etc.

132 1652 1026 43 Le 20 oct. à Belfort, Théatre Municipal, à 20 h 30. George Adams /Don Pullen Quartet

230 1679 428 45 avec Danny Richmond (ss réserves)

475 1744 240 86 RADIO

510 1822 275 46 FRANCE MUSIQUE

134 1851 782 51 JAZZ CLASSIQUE (du lundi au vendredi de 12 h 35 à 18 h 05).

136 1884 612 45 Du 10 au 14 sept.: Tout Duke par Claude Carrière

136 1911 716 47 Du 17 au 21 sept. Louis Armstrong (9°), par Daniel Nevers

134 1937 811 50 Ou 24 au 28 sept.. Du Côte de chez Fats (3°), par Laurent Goddet

134 1964 588 47 Du 11 u 5 oct.: Tout Duke, par Claude Carrière

132 1993 692 51 JAZZ TIME (du lundi au vendredi, de 19 h 05 à 19 h 30)

142 2020 277 43 Le lundi : Lucien Malson

136 2050 310 43 Le mardi: Philippe Carles

136 2073 320 45 Le mercredi; Alain Gerber

132 2098 374 49 Le jeudi : Jean-Robert Masson

138 2128 329 45 Le vendredi : Henri Renaud,

132 2155 1024 49 JAZZ FORUM (nuits de lundi à mardi, de 1 h à 2 h du matin). Une émission de André

222 2184 302 43 Francis et Lucien Malson

218 2211 359 45 (programme non communique.

132 2237 1012 49 JAZZ VIVANT (le dimanche de 19 h 35 à 20 h 30). Une émission de André Francis.

130 2266 1016 53 Le 9 sept.: Panama Francis and his Savoy Sultans; Buddy Tate and his Celibrity Club;

222 2291 289 50 Scott Hamilton Quartet

130 2321 1024 48 Le 16 sept.: Le Quartet de George Lewis; le grand orchestre de Roscoe Mitchell et

222 2347 120 47 Leo Smith

130 2373 1024 53 Le 23 sept: Le trio de Monty Alexander; les quartettes de Joe Henderson à

219 2400 383 43 Chateauvallon et à la Défense

128 2430 1026 48 Le 30 sept.: Bill Connors; le nouveau quartet de Gary Burton, le trio de Barre Phillips,

219 2455 254 44 au festival de Lyon

128 2484 1024 47 Le 7 oct.: Les orchestres de François Jeanneau au Centre Robert-Desnos de Ris¬

220 2516 710 44 Orangis, à l’Espace Cardin et au festival de Donaueschingen

128 2537 1006 56 Le 14 oct. Les duos Oscar Peterson et N.HOP. Chick Corea et Herbie Hancock.

504 2586 275 45 FRANCE CULTURE

126 2617 677 52 BLACK AND BLUE (le vendredi de 21 h 80 à 22 h 80)

214 2652 367 49 (programme non communique)

528 2691 230 49 FRANCE INTER

130 2726 1012 51 JAM PARADE (le dimanche de 23 h O5 à 23 h 58) Une émission de André Francis.

136 2755 998 49 Le 16 sept: Miroslav Vitous, Terje Rypdal, Jan Garbarek à Lyon et à Juan-les-Pins

130 2784 1020 47 Le 23 sept.: Dizzy Gillespie et Stephane Grappelli Salle Pleyel et à la Grande Parade du

222 2812 152 43 Jazz de Nice

126 2837 1028 49 Le 30 sept.: Concord Jam Session et les grands orchestres de Clark Terry et Count

218 2866 261 43 Basie à Juan-les-Pins

126 2890 1026 50 Le 7 oct.: Les orchestres finalistes du tournoi des orchestres amateurs de la Défense;

216 2917 357 47 le quartet de Joe Henderson

126 2940 1026 53 Le 14 oct. Jimmy Witherspoon, Muddy Waters, BB. King, Johnny Winter et Chuck

207 2970 176 49 Berry à Nice

538 3016 198 45 EUROPE N° 1

122 3050 1032 50 POUR CEUX QUI AIMENT LE JAZZ (le dimanche de 23 h à 24 h). Une émission de

213 3075 181 50 Franck Tenot

510 3122 264 46 TÉLÉVISION : FR3

125 3145 1024 64 Le 5 oct. à 21h30 : Jazz en Aquitaine avec Jacques Hess, Lucien Malson, Pierre-Henri

216 3186 129 47 Ardonceau

122 3236 1018 90 Au moment de mettre sous presse nous apprenons le décès de Stan

122 3274 468 52 Kenton dû à une crise cardiaque

1366 319 367 72 instruments

1364 376 310 81 de qualité

1364 448 295 76 artistique

1380 539 53 207 8

1401 738 33 72 5

1676 2576 377 62 Documentãtion

1678 2621 322 62 sur demande

1670 2679 673 117 daoi Couou

1676 2781 386 68 8, rue de Nancy

1678 2837 550 68 75010 Paris -607.77.85

1780 3044 109 93 2

2327 3311 49 52 55
