2480 3187
81 109 19 48 Et
130 110 56 48 cette
220 110 127 48 surprise,
373 112 11 46 la
418 112 109 47 millième
564 113 90 47 reprise
688 114 18 46 de
744 115 0 45 «
777 115 109 46 Georgia
920 116 18 45 on
976 117 30 44 my
1039 117 57 45 mind
1133 118 0 44 »

82 159 97 35 rajeuni
208 158 18 36 de
265 158 29 36 dix
330 158 37 36 ans
406 158 65 35 grâce
513 157 15 36 au
567 157 172 36 contrechant
768 156 21 37 de
828 156 50 37 flûte
917 156 18 36 de
977 155 60 37 Dave
1078 155 71 37 New¬

84 191 72 40 man!
189 191 102 41 Chaque
333 191 105 41 concert
471 191 18 42 se
531 191 97 42 termina
673 191 36 42 par
745 191 18 43 un
808 191 63 43 blues
913 191 36 43 sur
985 191 78 44 tempo
1108 191 39 44 vif,

84 226 50 43 riffé
164 226 10 43 à
198 226 83 43 perdre
318 226 92 43 haleine
447 226 37 43 par
515 226 28 43 les
577 226 150 43 trompettes
764 226 16 43 et
810 226 28 43 les
872 226 92 43 saxos,
989 226 77 43 tandis
1103 226 37 43 que

85 263 28 37 les
154 263 147 38 trombones
345 263 167 39 exécutaient
549 263 38 40 des
631 262 147 42 glissandos
822 262 73 43 quasi
932 262 44 43 New
1030 262 119 44 Orleans.

85 297 34 42 Les
157 297 53 42 yeux
244 296 107 43 fermés,
379 296 19 43 on
436 296 37 43 eût
502 296 31 43 cru
571 296 116 43 entendre
724 295 242 44 quelqu’orchestre
1003 295 19 44 du
1063 295 78 44 Savoy

85 332 144 48 swinguant
252 332 57 47 pour
336 332 30 47 les
396 333 140 46 danseurs.
560 333 20 46 Le
613 333 110 45 meilleur
750 333 57 45 show
847 333 40 45 Ray
920 334 104 44 Charles
1057 334 84 43 depuis

85 370 19 39 de
143 370 103 41 longues
285 370 110 44 années.

84 492 98 42 HARRY
226 492 87 42 JAMES

906 403 104 44 Bernard
1045 403 104 46 Niquet.

318 563 94 46 Pleyel,
445 562 127 47 vendredi
606 562 17 46 18
663 561 147 47 septembre
857 561 50 46 1970

81 617 12 38 Il
122 617 0 38 y
160 617 64 38 avait
257 617 15 39 ce
314 617 90 39 soir-là
437 607 56 49 deux
531 609 94 48 publics
666 612 49 45 bien
752 605 131 52 distincts.
913 608 75 50 D’une
1029 611 49 47 part
1112 613 30 45 les

82 653 94 37 curieux
214 652 156 39 (n’oublions
408 652 35 39 pas
484 652 38 39 que
564 652 143 39 l’orchestre
749 652 82 39 n’était
866 651 35 41 pas
942 651 53 41 venu
1036 651 9 41 à
1080 651 59 41 Paris

84 685 84 40 depuis
204 685 67 40 treize
310 685 54 40 ans)
394 685 78 40 parmi
502 685 108 40 lesquels
650 685 39 39 bon
728 685 96 39 nombre
866 685 18 39 de
923 685 136 39 musiciens
1098 685 51 39 pro¬

82 724 157 37 fessionnels
272 724 18 37 de
326 724 103 37 studio;
457 724 89 37 d’autre
579 724 51 37 part
655 724 28 37 les
716 724 195 37 nostalgiques,
937 724 109 37 souvent
1073 724 71 37 repé¬

83 756 77 40 rables
194 755 10 41 à
227 755 37 42 une
300 755 90 42 calvitie
427 754 47 43 plus
511 754 16 44 ou
564 754 74 44 moins
671 753 147 46 naissante,
845 753 20 46 ou
901 753 47 46 plus
981 752 164 48 simplement

84 791 7 44 à
119 791 18 44 un
171 791 84 44 visage
290 791 38 44 que
363 791 38 44 l’on
439 791 28 44 n’a
502 791 38 44 pas
571 791 132 44 l’habitude
742 791 21 44 de
797 791 46 44 voir
874 791 17 44 en
929 791 18 44 de
985 791 157 44 semblables

86 830 155 35 occasions.
277 830 25 35 Ce
347 829 54 37 sont
437 829 37 37 ces
519 829 109 37 derniers
670 829 39 37 qui
746 829 36 37 ont
819 828 79 39 passé
937 828 36 39 une
1018 828 124 39 meilleure

86 867 93 39 soirée,
214 867 9 38 je
266 866 77 39 crois.
376 866 24 39 Au
442 866 106 39 chapitre
595 865 35 39 des
671 865 198 39 satisfactions,
901 865 58 38 nous
1003 864 74 39 avons
1120 864 20 38 pu

82 901 136 44 apprécier
246 900 157 45 l’exceliente
437 899 56 46 mise
528 899 17 46 en
583 898 63 47 place
684 897 178 48 typiquement
893 896 167 49 américaine,
1088 895 62 50 ainsi

85 936 35 39 que
155 936 10 39 la
200 936 93 40 section
328 935 135 41 rythmique
498 935 100 42 surtout
626 935 68 42 grâce
729 935 10 42 à
764 934 148 44 l’excellent
940 934 81 45 Sonny
1056 934 93 45 Payne,

85 975 34 44 l’un
160 975 37 44 des
235 974 63 45 rares
335 974 126 45 membres
499 974 94 38 connus
633 973 54 41 dans
727 973 57 43 cette
825 973 103 37 équipe.
963 972 185 42 Evidemment,

84 1009 36 39 ses
162 1009 132 39 jongleries
339 1008 55 40 (très
436 1008 18 40 au
499 1008 75 40 point,
610 1008 138 41 d’ailleurs)
787 1007 145 42 finissaient
971 1007 36 42 par
1046 1007 105 42 agacer,

84 1042 36 41 car
153 1042 45 41 cela
234 1042 93 41 n’avait
357 1042 36 40 pas
432 1042 69 40 grand
537 1042 103 40 rapport
673 1042 54 40 avec
763 1042 9 40 la
811 1042 129 40 musique,
970 1042 51 39 mais
1060 1042 9 39 il
1099 1042 48 39 faut

84 1080 56 40 tenir
173 1080 96 40 compte
305 1080 19 40 du
364 1079 37 41 fait
431 1079 40 41 que
508 1079 71 41 Harry
616 1079 73 41 James
726 1079 19 41 se
784 1078 99 42 produit
913 1078 59 42 dans
1009 1078 36 42 des
1085 1078 56 42 lieux

83 1115 129 44 (casinos,
243 1115 89 43 grands
369 1114 96 44 hôtels,
496 1114 58 43 etc.)
585 1114 27 43 où
646 1114 37 42 l’on
723 1114 114 42 n’écoute
877 1113 89 42 guère,
997 1113 55 42 donc
1092 1113 50 41 tous

83 1147 25 42 les
143 1147 103 42 moyens
281 1148 57 41 sont
367 1148 57 41 bons
462 1148 57 41 pour
554 1148 86 41 retenir
674 1149 153 39 l’attention.
855 1149 173 39 Qu’importe,
1059 1150 81 38 Sonny

84 1186 73 42 Payne
193 1185 35 42 est
257 1185 21 42 un
316 1185 68 42 grand
422 1184 147 42 spécialiste
607 1184 38 42 des
681 1184 29 41 big
748 1183 77 42 band,
851 1183 18 41 et
901 1183 56 41 nous
995 1183 9 41 le
1042 1182 100 41 savions

84 1219 84 41 depuis
204 1219 162 41 longtemps.
393 1219 57 40 Mais
486 1219 9 40 il
525 1219 0 40 y
564 1219 0 40 a
600 1219 19 40 eu
661 1219 36 39 des
736 1219 150 39 déceptions
925 1219 0 39 :
958 1219 6 39 le
1003 1219 135 38 répertoire

83 1260 117 36 (malgré,
236 1259 61 38 c’est
336 1259 57 38 vrai,
426 1259 120 38 quelques
591 1258 109 40 chevaux
742 1258 21 40 de
805 1258 93 40 bataille
943 1258 0 40 :
983 1257 60 42 Satin
1088 1257 63 42 Doll,

84 1292 101 44 Jumpin'
215 1292 16 44 at
261 1292 26 44 the
326 1292 154 44 Woodside,
513 1292 89 44 Tuxedo
638 1292 124 44 Junction,
795 1292 49 44 Take
883 1292 30 44 the
949 1292 0 44 a
985 1292 69 44 train,
1083 1292 66 44 etc.),

84 1326 9 44 le
132 1326 83 44 couple
257 1326 19 44 de
314 1326 135 44 chanteurs
487 1326 20 44 et
539 1326 9 44 la
587 1326 99 44 plupart
718 1327 35 43 des
795 1327 119 43 solistes,
946 1327 0 43 y
984 1327 106 43 compris
1128 1327 10 43 le

83 1365 68 44 fidèle
191 1365 77 43 Corky
305 1364 126 43 Corcoran
471 1363 36 43 qui
538 1363 55 42 tient
624 1362 37 42 ici,
692 1362 52 42 mais
784 1361 52 42 avec
876 1360 74 42 moins
990 1359 151 42 d’invention

86 1398 6 39 le
137 1398 42 39 rôle
220 1398 19 39 de
284 1398 71 40 Dixon
400 1398 54 40 chez
499 1398 83 40 Basie,
618 1398 19 40 de
682 1398 89 40 Nistico
816 1398 58 40 chez
916 1398 102 41 Herman
1063 1398 16 41 et
1121 1398 19 41 du

84 1432 70 49 grand
194 1432 144 48 Gonzalves
378 1432 53 47 chez
471 1432 134 46 Ellington.
638 1432 84 45 Quant
755 1432 10 45 à
795 1432 70 44 Harry
906 1432 93 44 James,
1032 1432 107 43 toujours

85 1471 72 45 mince
197 1471 19 37 et
251 1470 166 39 moustachu,
448 1470 47 39 cela
536 1470 16 40 va
593 1470 18 40 du
655 1470 41 40 pire
740 1470 19 40 au
800 1469 100 42 moyen.
934 1469 26 42 Ce
1003 1469 63 43 n’est
1101 1469 37 43 pas

85 1506 34 39 son
161 1506 25 39 jeu
228 1506 20 39 de
287 1505 129 40 trompette
455 1505 39 39 qui
525 1505 34 39 est
593 1505 19 39 en
654 1505 90 39 cause,
775 1505 53 39 mais
870 1504 37 40 son
949 1504 67 39 goût.
1049 1504 96 39 Malgré

86 1542 76 42 toutes
200 1542 39 41 ces
277 1542 173 41 restrictions,
480 1542 17 40 ce
539 1542 29 40 fut
600 1542 39 40 une
680 1542 70 39 assez
786 1542 79 39 bonne
906 1542 94 38 soirée,
1033 1542 35 38 car
1103 1542 38 37 l’on

87 1579 0 39 a
124 1579 110 39 toujours
271 1578 134 39 beaucoup
445 1578 8 38 à
485 1578 142 38 apprendre
667 1578 40 37 des
747 1578 86 36 grands
875 1577 145 37 orchestres
1062 1577 89 35 améri¬

86 1616 80 36 cains.
197 1615 166 40 Finalement,
394 1615 18 41 ce
452 1615 37 42 qui
520 1615 102 44 manque
662 1615 9 42 à
702 1615 37 41 cet
769 1614 148 41 ensemble,
948 1614 61 38 c’est
1043 1614 19 36 un
1105 1614 37 35 peu

86 1649 185 40 d’imagination
309 1648 18 40 et
359 1648 18 40 de
418 1647 121 41 meilleurs
577 1646 118 41 solistes.
727 1645 56 42 Mais
821 1644 148 42 l’exécution
1010 1644 56 42 était
1098 1643 50 42 pré¬

86 1689 62 35 cise,
174 1688 18 36 ce
230 1688 39 37 qui
295 1687 65 38 n’est
390 1687 38 38 pas
463 1686 65 39 facile
566 1686 9 40 à
605 1685 94 41 obtenir

87 1804 179 44 GENTIMENT
299 1804 49 44 POP

951 1711 96 47 Michel
1075 1715 76 46 Savy.

88 1894 134 53 (quelques
261 1894 184 50 musicoramas
489 1894 39 47 pop
571 1894 58 46 pour
665 1894 15 44 se
723 1894 101 43 récurer
860 1894 18 41 un
921 1894 36 40 peu
1000 1894 29 39 les
1069 1894 83 38 portu¬

87 1938 111 39 gaises).

88 1977 0 41 —
138 1970 27 48 Dr
189 1971 69 48 John,
286 1972 34 47 The
355 1973 70 46 Night
456 1973 93 47 Tripper
580 1967 51 53 (Fac
662 1970 156 51 Dauphine).

86 2021 0 43 —
142 2021 32 43 Sly
218 2021 36 42 and
298 2021 29 42 the
374 2021 83 41 Family
504 2021 70 40 Stone
621 2021 0 39 :
660 2021 32 39 Sly
739 2021 71 39 Stone
854 2021 68 38 (voc,
957 2021 91 37 orque)
1086 2021 59 36 Rose

84 2060 71 38 Stone
194 2060 115 38 (orgue),
340 2060 96 37 Freddie
478 2060 89 36 Stone,
598 2059 63 37 Larry
702 2059 92 37 Graham
843 2059 44 36 (g),
919 2059 101 36 Cynthia
1060 2059 88 35 Robin¬

87 2098 34 35 son
159 2098 56 36 (tp),
242 2098 59 36 Jerry
338 2098 99 36 Martini
467 2098 53 37 (ts),
549 2098 78 37 Gregg
664 2098 81 38 Enrico
782 2098 78 38 (dms)
892 2098 152 39 (Olympia).

86 2137 0 37 —
142 2137 85 40 Rolling
273 2137 91 42 Stones
407 2137 0 43 :
443 2137 59 44 Mick
541 2137 92 46 Jagger
669 2137 82 39 (voc),
784 2137 56 40 Mick
889 2137 92 42 Taylor,
1013 2137 63 43 Keith
1122 2137 32 44 Ri¬

89 2176 66 37 chard
193 2176 43 37 (g),
267 2176 40 36 Bill
338 2175 93 37 Wyman
469 2175 64 37 (bg),
563 2175 92 36 Charlie
695 2175 71 36 Watts
802 2175 78 35 (dms)
908 2174 0 36 —
966 2174 21 36 En
1025 2174 116 35 première

87 2211 71 41 partie
195 2210 0 42 :
226 2210 80 42 Buddy
345 2210 43 41 Guy
425 2209 56 42 avec
514 2209 80 42 Junior
628 2208 68 43 Wells
733 2208 86 43 (Palais
855 2208 40 42 des
929 2207 117 43 Sports).

85 2255 0 37 —
138 2255 70 37 Blood
256 2255 86 37 Sweat
379 2256 38 37 and
467 2256 67 37 Tears
577 2256 56 37 avec
678 2256 70 37 David
796 2256 233 38 Clayton-Thomas
1074 2257 75 37 (Gau¬

88 2289 62 40 mont
181 2290 115 41 Palace).

87 2347 103 46 Lorsque
231 2348 78 45 Buddy
350 2348 44 45 Guy
432 2348 132 45 improvise
601 2349 10 44 à
642 2349 6 44 la
689 2349 107 44 guitare,
824 2350 10 43 le
874 2350 95 43 public,
994 2350 56 43 venu
1088 2351 60 42 pour

87 2392 28 38 les
152 2392 106 38 Stones,
286 2391 59 39 siffle
385 2391 213 39 copieusement.
629 2391 106 38 Lorsque
772 2391 56 38 Mick
873 2390 76 39 Taylor
982 2390 48 39 joue
1066 2390 9 39 à
1106 2390 36 39 peu

87 2425 50 44 près
174 2425 29 44 les
247 2425 91 44 mêmes
379 2424 122 44 phrases,
532 2424 63 44 c’est
630 2424 9 43 le
680 2424 88 43 délire.
799 2424 19 43 La
859 2423 182 44 contradiction
1085 2423 63 43 n’est

88 2459 200 44 qu’apparente.
322 2459 9 44 Il
368 2460 0 43 y
411 2460 0 43 a
454 2460 55 43 ceux
552 2460 37 43 qui
626 2460 172 43 connaissent
835 2460 9 43 le
887 2461 67 42 blues
997 2461 19 42 et
1053 2461 36 42 qui
1123 2461 19 42 ne

85 2494 138 41 manquent
252 2495 38 40 pas
329 2495 17 41 de
384 2495 50 41 faire
473 2495 26 41 les
537 2496 232 40 rapprochements
807 2497 39 39 qui
872 2497 165 40 s’imposent.
1066 2498 9 39 Il
1104 2498 0 39 y
1139 2498 0 39 a

85 2528 27 44 les
154 2529 78 43 autres
274 2529 0 43 —
340 2530 10 42 la
392 2530 114 42 majorité
542 2531 0 41 —
605 2531 57 41 ceux
704 2532 36 40 qui
776 2533 205 39 applaudissent
1017 2534 54 38 chez
1116 2535 27 37 les

87 2563 88 48 Stones
214 2564 72 46 avant
316 2564 49 46 tout
398 2565 10 45 la
447 2565 78 44 fureur
561 2566 89 43 sonore
689 2566 20 42 du
748 2567 88 41 groupe
876 2567 16 40 et
925 2568 9 39 le
974 2568 167 39 magnétisme

89 2595 18 41 du
148 2595 50 42 Dieu
236 2596 104 42 Jagger.
368 2597 66 42 Alors
472 2598 50 42 tout
553 2598 120 43 accepté,
704 2599 72 43 même
817 2600 19 42 ce
877 2600 37 43 qui
943 2601 18 42 ne
1002 2601 72 43 l’était
1106 2602 37 43 pas

85 2639 73 46 avant
195 2639 145 45 l’entracte.
378 2639 19 44 Le
444 2639 47 36 mot
529 2639 37 44 pop
617 2639 110 44 pourrait
764 2639 47 45 bien
859 2639 122 45 désigner
1022 2639 57 40 dans
1123 2639 22 43 de

89 2669 131 43 nombreux
265 2669 36 43 cas
342 2669 19 43 un
406 2669 77 43 public
525 2669 48 43 plus
618 2669 84 43 qu’une
746 2669 129 43 musique.
910 2669 10 43 Il
955 2669 16 43 en
1016 2669 35 43 est
1090 2669 64 43 ainsi

87 2710 37 41 des
158 2710 123 41 quelques
315 2711 118 40 concerts
469 2711 57 40 dont
554 2711 8 40 la
599 2711 135 40 chronique
770 2712 17 39 va
824 2712 75 39 suivre

90 2765 23 41 Dr
145 2770 51 36 John
235 2770 0 36 :
263 2770 45 37 Des
347 2770 128 37 costumes
514 2770 19 37 de
572 2770 125 38 sorciers,
726 2770 38 38 des
799 2770 142 38 tam-tams,
970 2770 57 39 deux
1063 2770 83 39 jeunes

85 2802 101 41 femmes
223 2803 38 41 qui
289 2803 121 41 chantent
441 2804 95 41 comme
573 2805 29 40 les
642 2805 95 40 Raelets
777 2806 17 40 et
829 2806 109 40 dansent
969 2807 92 40 comme
1104 2808 35 39 des

88 2845 171 34 Africaines...
290 2845 28 35 Dr
349 2845 70 36 John,
450 2845 8 36 le
500 2845 129 37 voyageur
666 2845 20 38 de
725 2845 8 38 la
772 2845 65 39 Nuit,
868 2845 59 39 nous
963 2845 59 40 parle
1064 2845 20 41 de
1126 2845 14 41 sa

87 2873 46 48 voix
178 2873 105 48 enrouéc
332 2874 134 46 rappelant
509 2875 189 44 Howlin-Wolf,
734 2876 39 42 des
819 2876 79 42 vertus
947 2877 127 40 magiques
1123 2878 20 38 de

87 2912 34 35 ses
160 2912 99 36 grigris,
291 2913 18 35 du
351 2913 0 36 «
387 2913 57 36 Loop
486 2914 110 36 garoo»
635 2914 18 36 ou
695 2914 18 37 de
752 2915 10 36 la
799 2915 42 36 fête
880 2915 21 37 du
940 2915 0 37 «
979 2915 78 37 Mardi
1088 2916 58 37 Gras

86 2944 44 42 Day
165 2945 15 41 ».
206 2945 27 42 Ce
268 2945 77 42 prince
383 2946 20 41 de
439 2946 114 42 l’étrange
591 2947 0 41 a
627 2948 17 40 su
680 2948 73 41 mêler
783 2949 220 40 judicieusement
1033 2950 55 40 dans
1124 2951 17 39 sa

87 2986 109 50 musique
234 2986 31 50 les
299 2986 143 50 influences
480 2986 20 49 du
541 2986 82 49 R'n’B,
654 2986 17 49 du
715 2986 113 49 Vaudou,
862 2986 17 49 de
920 2986 113 48 l’Afrique
1074 2986 17 48 et
1125 2986 17 48 du

1271 115 100 49 folklore
1412 116 79 47 créole
1532 118 21 45 (il
1582 112 49 51 est,
1660 106 91 56 comme
1793 105 49 57 tous
1880 116 29 45 les
1950 107 124 54 membres
2111 102 21 58 de
2173 100 166 60 l’orchestre,

1272 161 128 46 originaire
1448 161 20 40 de
1516 160 9 40 la
1574 158 269 47 Nouvelle-Orléans.
1879 157 128 39 Espérons
2055 157 35 39 que
2142 156 9 40 la
2196 155 135 41 prochaine

1271 196 41 43 fois
1356 195 9 43 le
1409 195 76 42 public
1529 194 97 42 viendra
1670 193 47 42 plus
1761 192 135 42 nombreux
1941 191 88 41 goûter
2067 191 29 40 les
2137 190 97 40 potions
2278 189 59 40 (ma¬

1273 235 101 42 giques)
1414 234 21 41 de
1481 234 17 40 ce
1544 234 150 40 mystérieux
1740 233 135 39 praticien.

1273 288 32 46 Sly
1346 288 0 45 :
1378 288 20 45 La
1436 288 112 45 musique
1587 288 19 43 de
1648 288 10 43 la
1696 288 83 42 famille
1818 288 93 41 Stone,
1940 288 64 40 c’est
2036 288 10 40 la
2084 288 74 39 même
2196 288 39 38 que
2277 288 54 38 celle

1272 331 19 39 de
1329 330 33 40 Joe
1403 330 33 39 Tex
1475 330 19 39 ou
1532 329 112 39 d’Aretha
1686 328 120 40 Franklin.
1836 327 61 40 Avec
1935 327 19 39 un
1990 327 60 39 grain
2088 326 19 39 de
2146 326 49 39 folie
2233 325 39 40 pop
2310 325 19 39 en

1271 365 64 40 plus.
1368 365 32 39 Sly
1438 364 71 40 laisse
1547 364 12 40 le
1597 363 56 40 beau
1694 362 129 41 spectacle
1864 362 44 40 bien
1949 361 83 41 léché,
2064 360 47 41 bien
2149 360 103 41 habillé,
2281 359 47 41 bien

1270 400 210 39 fonctionnarisé
1520 400 38 38 aux
1603 399 98 39 artistes
1747 399 20 38 de
1816 398 54 39 chez
1916 398 69 39 Stax.
2023 397 37 39 Les
2106 396 132 40 tignasses
2281 396 54 39 sont

1272 438 131 38 énormes,
1441 437 28 39 les
1510 436 132 40 costumes
1685 434 195 41 extravagants,
1914 433 29 42 les
1987 432 137 43 tortillages
2168 431 19 43 de
2231 430 97 44 popotin

1270 469 78 42 réglés
1383 469 19 42 au
1436 468 104 43 dixième
1574 468 19 42 de
1631 467 132 43 millimètre
1797 466 57 44 style
1892 465 176 44 Sweethearts
2102 464 22 45 of
2152 464 63 45 Soul
2240 463 91 45 laissés

1269 517 18 28 au
1329 517 131 29 vestiaire.
1489 517 20 29 Le
1549 517 56 29 show
1652 517 0 29 a
1689 517 168 30 l’americaine
1899 517 55 30 cede
1993 517 10 30 la
2043 517 64 30 place
2149 517 0 30 a
2188 517 37 31 une
2265 517 62 31 sorte

1273 545 18 37 de
1334 544 83 38 déluge
1457 543 80 38 visuel
1566 543 20 38 et
1618 542 86 39 sonore
1744 542 37 38 qui
1810 541 0 39 a
1847 541 12 39 la
1899 540 80 40 fureur
2011 540 20 39 du
2068 539 43 40 free
2149 539 49 40 Jazz
2235 539 9 39 le
2284 538 46 40 plus

1271 581 129 38 déchainé
1439 580 54 39 mais
1536 580 72 38 aussi
1644 579 9 39 le
1698 579 87 39 rythme
1830 578 117 39 puissant
1986 577 39 40 qui
2061 576 49 41 fait,
2143 576 21 41 en
2209 575 120 41 quelques

1273 615 120 40 minutes,
1423 615 93 39 danser
1552 614 8 39 la
1601 614 52 39 salle
1697 613 107 39 entière.
1837 612 169 39 L’exactitude
2048 611 63 39 n’est
2143 611 39 38 pas
2220 610 110 39 toujours

1272 653 18 37 au
1331 651 189 39 rendez-vous,
1550 651 11 37 la
1601 650 53 38 sono
1694 650 35 37 est
1764 649 45 38 mal
1841 649 97 37 réglée.
1970 647 171 38 Qu’importe,
2170 647 11 37 il
2210 647 48 37 faut
2291 646 45 37 voir

1272 685 50 42 Sly,
1357 685 150 41 souverain,
1540 684 111 41 hautain,
1687 684 115 40 célébrer
1843 684 56 39 dans
1940 684 9 39 la
1993 683 120 39 démence
2158 683 8 38 la
2211 683 126 38 grandeur

1273 724 18 35 de
1337 724 111 36 l’homme
1493 724 60 37 noir.

1276 780 35 41 The
1353 780 87 42 Rolling
1482 780 90 42 Stones
1614 780 0 42 :
1648 780 21 43 En
1711 780 122 43 quelques
1875 780 104 44 minutes
2017 780 11 44 la
2069 780 52 44 salle
2163 780 35 44 est
2233 780 108 45 debout,

1272 821 18 37 et
1320 821 19 37 on
1379 820 109 37 s’écrase
1526 820 37 37 sur
1595 819 8 37 le
1640 819 51 37 bord
1729 819 18 37 de
1785 819 10 37 la
1830 818 94 37 scène.
1950 818 27 37 On
2015 817 53 38 veut
2097 817 105 37 admirer
2234 816 8 37 le
2282 816 48 37 dieu

1271 855 20 40 de
1327 855 67 40 près.
1421 855 20 40 Le
1476 854 65 41 dieu,
1570 854 62 41 c’est
1659 854 58 41 Mick
1753 854 99 41 Jagger.
1879 854 44 41 Une
1958 854 38 41 des
2032 853 47 42 plus
2114 853 214 42 extraordinaires

1271 893 123 41 présence
1430 893 36 41 sur
1496 892 72 41 scène
1604 892 36 41 qui
1667 891 57 42 soit.
1748 891 45 42 Une
1827 890 105 42 certaine
1968 890 66 42 façon
2070 889 18 43 de
2124 889 15 43 se
2175 888 162 43 déhancher,

1272 929 146 35 d’agripper
1457 928 8 35 le
1509 928 49 35 pied
1602 928 21 35 du
1668 928 85 35 micro,
1790 927 18 36 de
1855 927 94 35 scruter
1990 927 8 35 le
2042 927 94 35 public.
2172 926 24 35 Un
2243 926 26 35 air
2308 926 18 35 de

1271 962 75 36 voyou
1388 961 166 38 aristocrate.
1587 961 18 38 Et
1641 960 36 39 une
1719 960 63 39 voix.
1818 959 108 40 Vulgaire
1968 957 172 43 méprisante,
2173 957 54 43 mais
2266 956 72 44 aussi

1272 999 148 39 sensuelle,
1449 998 151 40 expressive
1639 996 200 43 ensorcelante.
1872 996 66 44 Bref,
1974 995 59 45 c’est
2066 994 104 46 Jagger,
2200 994 10 47 il
2243 993 36 48 est
2315 993 23 48 là,

1267 1035 12 37 il
1307 1035 39 37 fait
1377 1035 17 37 ce
1430 1034 56 38 qu’il
1517 1034 53 38 veut
1601 1034 20 38 du
1660 1034 92 38 public,
1783 1033 17 39 de
1839 1033 37 38 son
1915 1033 95 38 public.
2038 1033 98 38 Devant
2170 1032 56 39 cette
2268 1032 56 39 foule

1270 1066 141 38 envoûtée,
1446 1066 18 38 on
1508 1065 73 40 pense
1625 1064 18 41 au
1687 1064 32 41 film
1772 1064 0 41 «
1816 1063 113 42 Privilège
1977 1062 15 43 ».
2027 1062 28 43 On
2099 1061 75 45 pense
2222 1060 69 46 aussi
2325 1060 10 46 à

1269 1104 126 43 Altamont
1431 1104 38 42 ou,
1504 1104 56 41 pour
1598 1104 36 41 une
1678 1104 59 40 fois,
1769 1104 9 40 la
1822 1103 74 40 magie
1937 1103 88 40 Jagger
2063 1103 30 39 n’a
2134 1103 38 38 pas
2213 1103 42 38 fait
2290 1103 35 37 son

1270 1142 81 33 œuvre
1397 1142 0 34 :
1428 1142 9 34 il
1471 1142 0 34 y
1512 1141 37 35 eut
1583 1141 38 36 des
1661 1141 72 36 morts
1773 1141 17 36 ce
1830 1141 49 37 jour
1913 1141 29 37 là.
1977 1141 22 37 Au
2040 1140 74 39 Palais
2157 1140 38 39 des
2235 1140 103 40 Sports,

1271 1177 92 35 comme
1409 1176 99 37 partout
1548 1176 86 37 depuis
1677 1175 49 39 leur
1766 1175 126 39 création,
1928 1174 28 41 les
2002 1174 92 41 Stones
2140 1174 37 41 ont
2217 1173 52 43 joué
2309 1173 19 43 un

1271 1212 65 39 blues
1380 1211 101 39 blanchi
1520 1211 177 39 européanisé
1733 1211 38 38 fait
1810 1210 8 38 à
1856 1210 8 38 la
1908 1210 140 38 dimension
2094 1210 36 37 des
2176 1209 77 38 foules
2296 1209 39 37 im¬

1272 1249 102 39 menses
1411 1248 37 40 que
1488 1248 19 41 ce
1547 1247 90 42 groupe
1677 1246 80 44 attire.

1271 1308 81 39 B.S.T.
1383 1308 0 39 :
1417 1308 17 39 Ils
1473 1308 53 39 sont
1557 1309 20 39 9,
1607 1309 17 39 ils
1661 1309 56 39 sont
1748 1309 154 39 adorables,
1930 1309 19 39 ils
1986 1309 84 40 jouent
2101 1310 8 39 à
2140 1310 9 39 la
2188 1310 137 39 perfection

1272 1345 38 39 des
1349 1344 192 41 arrangements
1579 1344 116 42 parfaits,
1727 1344 19 42 ils
1781 1344 68 42 n’ont
1881 1344 35 42 pas
1954 1344 29 43 les
2022 1343 112 44 cheveux
2169 1343 45 45 trop
2252 1343 84 45 longs.

1271 1382 0 37 «
1316 1382 64 37 Nous
1425 1382 110 37 sommes
1580 1382 38 37 des
1664 1382 203 37 réactionnaires
1913 1382 167 37 clament-ils.
2116 1382 64 37 Nous
2225 1382 104 37 voulons

1270 1418 41 33 dire
1352 1418 8 34 à
1390 1418 63 34 notre
1495 1418 74 35 public
1610 1418 0 35 :
1642 1418 214 37 souvenez-vous
1897 1418 19 37 du
1958 1418 63 38 vieux
2059 1418 85 39 blues,
2174 1418 19 39 de
2234 1418 102 40 Parker,

1269 1453 18 37 de
1325 1453 99 37 Satie...
1454 1453 18 37 ».
1500 1453 28 37 On
1563 1453 79 37 aurait
1672 1453 125 37 mauvaise
1837 1453 66 37 grâce
1941 1453 8 37 à
1979 1453 46 37 leur
2058 1453 112 37 discuter
2202 1453 122 37 l’épithète

1272 1489 64 37 qu’ils
1372 1488 161 38 s’attribuent
1563 1488 52 38 avec
1651 1487 47 39 tant
1727 1487 21 39 de
1783 1487 82 40 plaisir
1894 1487 0 40 :
1924 1486 9 41 il
1959 1486 47 41 leur
2035 1486 18 41 va
2088 1486 91 41 comme
2215 1485 20 42 un
2270 1485 68 42 gant.

1271 1524 83 37 B.S.T.
1388 1523 37 38 est
1459 1523 46 38 bien
1548 1523 73 39 placé
1655 1522 55 40 dans
1750 1522 13 40 la
1803 1522 86 40 course
1932 1521 6 41 à
1971 1521 10 41 la
2024 1521 36 41 pop
2103 1521 10 42 la
2153 1520 49 43 plus
2245 1520 83 43 propre

1270 1559 21 38 du
1325 1559 104 38 monde.
1458 1559 26 37 Ce
1517 1559 94 37 collage
1648 1559 112 37 d’ancien
1796 1558 37 37 fait
1864 1558 70 37 assez
1968 1558 187 36 poussiéreux.
2182 1558 39 36 Les
2254 1558 81 35 arran¬

1270 1593 111 41 gements
1414 1593 55 41 sont
1499 1592 173 42 prétentieux,
1696 1592 29 41 les
1760 1592 209 41 improvisations
2004 1592 53 41 sans
2092 1591 179 41 imagination.
2298 1591 29 41 On

1267 1632 36 37 est
1333 1632 36 37 loin
1408 1631 18 38 de
1465 1631 139 39 l’invention
1643 1630 117 40 délirante
1799 1629 147 41 d’Hendrix,
1976 1629 18 41 ou
2033 1629 18 41 de
2091 1629 9 42 la
2139 1628 111 43 richesse
2289 1628 36 43 des

1271 1666 185 37 compositions
1498 1666 17 37 de
1557 1666 54 38 Soft
1644 1666 129 38 Machine.
1807 1666 67 38 Seule
1916 1666 9 38 la
1967 1666 45 38 voix
2054 1666 17 39 de
2113 1666 73 39 David
2228 1666 98 39 Clayton

1274 1697 99 42 Thomas
1410 1697 89 42 proche
1540 1698 20 41 de
1601 1698 41 42 Ray
1683 1698 119 43 Charles,
1836 1698 55 43 nous
1932 1698 54 43 évite
2027 1698 96 44 l’ennui
2154 1699 122 44 complet,
2310 1699 17 44 en

1269 1735 145 40 particulier
1454 1735 58 41 dans
1558 1735 55 41 l’une
1659 1735 40 42 des
1745 1735 123 43 réussites
1914 1736 19 42 du
1982 1736 89 43 groupe
2120 1736 0 44 :
2163 1736 0 44 «
2209 1736 117 45 Spinning

1268 1770 92 42 Wheel
1388 1770 1 43 »

1274 1809 0 41 *
1309 1809 26 42 Dr
1364 1809 48 42 John
1451 1810 0 42 a
1483 1810 147 43 enregistré
1659 1810 0 43 3
1694 1811 103 43 disques
1832 1811 55 44 chez
1922 1811 51 45 Atco
2012 1812 0 44 :
2041 1812 48 45 Gris
2124 1812 64 46 Gris,
2214 1813 125 46 Babylon,

1273 1850 151 48 Remedies.
1457 1851 30 45 On
1526 1851 20 45 ne
1588 1851 26 44 les
1657 1852 79 42 trouve
1775 1852 66 41 qu’en
1883 1852 171 40 importation,

1275 1974 96 53 PIERRE
1412 1975 85 51 FAVRE
1541 1976 141 48 QUARTET

2248 1885 56 43 R.S.

1274 2071 57 49 Gerd
1377 2071 84 50 Dudek
1503 2070 57 52 (ss.,
1594 2070 38 51 ts.,
1663 2070 41 50 fl.),
1739 2070 61 52 lrène
1845 2070 111 52 Sweizer
1994 2070 53 51 (p.),
2081 2069 42 53 Beb
2169 2069 84 49 Guérin
2298 2069 43 52 (b),

1273 2114 75 37 Pierre
1388 2114 66 37 Favre
1492 2113 92 38 (perc.)
1615 2113 0 38 -
1650 2113 83 38 Centre
1776 2113 135 39 Américain
1952 2113 0 39 -
1983 2113 0 39 9
2023 2112 98 40 octobre
2161 2112 72 40 1970.

1275 2168 95 41 Malgré
1399 2169 43 41 Sun
1479 2169 20 41 Ra
1534 2170 9 40 à
1571 2170 135 41 Nanterre,
1732 2171 69 40 Frank
1838 2171 92 40 Wright
1959 2172 135 40 boulevard
2131 2173 115 40 Raspail,
2272 2174 66 39 nom¬

1270 2206 72 42 breux
1381 2207 96 41 étaient
1510 2208 57 41 ceux
1606 2208 39 41 qui
1675 2209 108 40 allèrent
1817 2210 105 39 écouter
1958 2211 75 38 Pierre
2075 2211 69 39 Favre
2186 2212 27 38 jet
2249 2212 18 38 ce
2309 2213 18 37 ne

1274 2246 55 39 sont
1359 2246 38 39 pas
1433 2246 38 39 eux
1507 2246 38 38 qui
1573 2246 68 38 firent
1674 2246 8 38 la
1721 2246 46 38 plus
1803 2245 126 38 mauvaise
1968 2245 79 38 affaire
2077 2245 22 38 !).
2129 2245 44 38 Cet
2203 2245 129 37 ensemble

1274 2282 76 37 révèle
1391 2282 38 37 une
1469 2281 64 38 unité
1566 2281 18 37 et
1617 2281 38 37 une
1695 2281 143 37 originalité
1873 2281 84 37 propre
1998 2280 188 38 stupéfiantes.
2216 2280 25 37 Ne
2282 2280 56 37 con¬

1272 2317 113 39 sidérant
1422 2317 56 39 pas,
1513 2317 91 39 comme
1649 2317 150 39 beaucoup,
1834 2317 8 39 la
1884 2317 78 39 transe
2007 2317 187 39 systématique
2237 2317 91 39 comme

1273 2354 72 41 chose
1384 2353 144 42 entendue,
1558 2353 48 42 leur
1639 2353 108 42 musique
1786 2352 18 43 se
1841 2352 162 43 développe,
2030 2352 9 43 le
2078 2351 99 44 quartet
2207 2351 129 44 devenant

1273 2392 55 35 duo,
1364 2392 31 35 trio
1439 2392 19 35 au
1501 2392 39 35 gré
1576 2392 67 34 d’une
1686 2392 94 34 logique
1823 2392 89 34 interne
1955 2392 70 34 assez
2065 2392 140 34 fascinante
2250 2392 0 33 :
2286 2392 41 33 Beb

1273 2425 84 36 Guérin
1402 2425 9 37 à
1448 2424 102 38 l’archet
1586 2424 114 39 dialogue
1745 2424 54 39 avec
1842 2423 12 41 la
1899 2423 48 41 flûte
1992 2423 21 41 de
2058 2423 102 42 bambou
2206 2422 21 43 de
2272 2422 57 44 Gerd

1274 2457 100 46 Dudek,
1412 2458 75 45 Pierre
1534 2458 88 44 Favre,
1660 2459 19 43 en
1729 2459 66 43 solo,
1832 2460 98 41 explore
1977 2460 81 41 toutes
2102 2461 29 40 les
2178 2461 153 39 ressources

1273 2496 106 38 sonores
1416 2496 17 38 de
1474 2496 34 38 ses
1545 2496 164 39 instruments
1746 2496 141 40 (cymbales
1925 2496 17 40 ou
1982 2496 135 41 tambourin
2157 2496 63 41 posé
2252 2496 35 42 sur
2321 2496 9 42 la

1271 2533 81 36 caisse
1395 2533 84 36 claire,
1512 2533 132 36 utilisation
1687 2533 38 36 des
1766 2533 91 37 balais)
1893 2533 58 37 lrène
1994 2533 112 37 Sweizer
2141 2533 135 37 intervient
2311 2533 18 37 au

1272 2567 112 36 moment
1421 2567 213 37 indispensable.
1676 2567 54 38 Tout
1769 2567 17 38 se
1833 2567 99 39 déroule
1976 2567 101 40 suivant
2117 2567 36 40 une
2201 2567 135 41 nécessité

1273 2600 178 40 sous-jacente
1497 2600 120 40 absolue.
1652 2601 172 40 L’assistance
1870 2601 20 40 fit
1927 2601 21 41 un
1991 2601 57 41 beau
2094 2602 89 40 succès
2229 2602 6 41 à
2272 2602 58 41 cette

1272 2639 109 39 musique
1421 2639 91 39 intègre
1550 2639 19 39 et
1603 2639 75 39 belle.
1708 2639 104 39 Gabriel
1841 2639 67 39 Koffi
1938 2639 18 39 ne
1996 2639 102 39 pouvait
2130 2639 75 39 mieux
2245 2639 91 39 choisir

1273 2677 55 42 pour
1365 2677 9 42 la
1414 2677 161 41 réouverture
1618 2677 20 41 de
1678 2677 17 40 sa
1738 2677 81 40 saison
1862 2677 17 40 de
1922 2677 132 40 concerts.

2093 2715 23 44 A.
2144 2710 162 54 TERCINET.

1274 2829 144 62 Retenez
1470 2829 13 62 la
1536 2831 69 61 date
1657 2833 26 59 du
1740 2829 22 63 12
1818 2830 174 62 décembre
2045 2829 226 64 prochain...

1277 2896 185 103 ...LA
1600 2891 201 110 NUIT
1901 2903 62 101 du
2079 2894 216 110 JAZZ

2298 3043 25 46 29
