2480 3183
109 160 329 52 CONNSEN
520 175 42 37 I2

455 279 169 55 CONCERTS
665 283 0 49 A
707 283 94 48 L'ORTF

100 348 60 56 Salle
200 357 52 46 105,
276 346 8 56 le
324 350 0 52 7
356 346 136 56 novembre
528 348 0 52 :
556 344 137 56 Orchestre
733 345 68 53 Steve
837 348 76 49 Lacy,
941 344 96 52 Clifford
1081 348 84 47 Thorn¬

101 396 29 39 ton
168 396 19 40 et
220 395 112 42 François
373 394 126 44 Tusques.

101 436 21 53 Le
166 436 18 52 21
223 436 134 51 novembre
403 436 0 49 :
440 436 122 49 Quintette
609 436 90 46 Claude
742 436 112 45 Guilhot,
890 436 7 43 le
944 436 76 42 Swing
1063 436 94 41 Limited

101 479 169 47 Corporation
308 479 53 45 sous
399 479 10 44 la
446 478 117 44 direction
600 478 19 43 de
657 478 63 42 Slide
758 477 138 42 Hampton.

687 532 0 53 »

105 587 63 49 FOLK
219 587 87 48 BLUES
352 587 158 47 FESTIVAL,
543 587 10 45 à
587 587 93 45 Pleyel,
714 587 10 44 le
764 587 0 44 9
807 587 154 43 novembre.

100 641 37 50 Ella
178 640 129 50 Fitzgerald
348 640 17 48 et
396 639 82 48 Oscar
508 638 119 48 Peterson
665 638 10 46 à
706 637 58 47 Paris
801 637 10 46 le
849 637 17 45 30
903 636 154 46 novembre.

336 723 17 47 22
386 723 111 46 Festival
530 723 20 45 de
593 723 46 44 Jazz
678 723 20 43 de
744 723 181 42 Super-Besse

104 793 23 39 Ce
168 792 127 40 deuxième
336 791 103 40 festival
471 790 50 40 aura
562 790 35 40 lieu
638 789 21 40 du
697 789 0 40 3
741 789 18 40 au
800 788 0 41 9
841 788 88 41 janvier
967 787 56 41 1971
1061 787 18 40 et
1114 786 53 41 pro¬

102 830 135 40 grammera
276 829 160 40 notamment
467 829 42 39 Bill
537 828 137 40 Coleman,
705 827 31 40 loe
778 827 98 39 Turner,
904 826 82 40 Kenny
1025 825 84 40 Clarke
1148 825 20 39 et

100 862 28 41 les
168 862 148 41 orchestres
356 862 18 41 de
417 862 92 40 Claude
553 861 79 41 Luter,
663 861 62 41 Marc
768 861 18 41 La
829 861 123 41 Ferrière,
986 861 43 40 Guy
1072 861 99 40 Lafitte,

100 900 64 40 Dany
203 900 82 40 Doriz,
314 899 77 40 Maxim
441 899 88 40 Saury,
558 899 29 40 les
626 899 144 40 Siwngers,
802 899 85 39 lrakli’s
922 898 47 40 Jazz
1010 898 80 39 Band,
1119 898 47 39 etc.

102 937 235 39 Renseignements
381 936 16 39 et
433 936 175 39 réservations
649 936 68 39 (pour
755 936 39 39 une
837 935 107 40 semaine
991 935 0 39 :
1026 935 36 39 350
1108 935 19 39 F)

102 970 0 46 «
138 970 0 41 A
180 970 56 41 plein
272 970 46 41 Jazz
354 970 36 42 sur
423 970 26 42 les
485 970 131 42 Pistes»,
646 970 46 42 VVF
731 970 180 43 Super-Besse
951 970 36 43 63.

102 1061 17 38 13
156 1061 133 38 novembre
330 1052 17 46 20
384 1051 0 47 h
425 1052 17 45 30
483 1053 17 44 au
537 1054 103 43 pavillon
677 1048 0 48 8
718 1049 37 47 des
793 1052 78 44 Halles
912 1050 17 45 de
970 1046 58 49 Paris
1065 1050 92 44 (entrée

101 1094 29 43 rue
171 1093 115 43 Baltard)
318 1093 0 42 :
351 1093 41 42 Sun
433 1093 24 41 Ra
495 1093 17 41 et
545 1092 191 42 l’Intergalactic
777 1092 124 40 Research
945 1091 129 40 Arkestra.
1106 1091 59 38 Ren¬

101 1132 176 39 seignements
319 1132 19 39 et
373 1132 106 39 location
524 1131 0 41 :
559 1131 87 41 bureau
691 1130 90 43 Alpha,
813 1130 19 43 6,
867 1130 20 43 bd
931 1130 20 43 de
996 1129 173 45 Sébastopol,

101 1168 133 41 887-29-49
273 1168 18 41 et
321 1168 36 41 26,
387 1168 93 41 avenue
520 1167 18 42 de
580 1167 129 42 Wagram,
739 1167 148 42 267-02-50.

101 1227 37 44 Les
172 1227 75 44 lundis
280 1227 19 44 9,
329 1227 34 44 16,
389 1227 19 43 23
445 1227 19 43 et
494 1227 14 43 30
546 1227 134 43 novembre
718 1227 19 43 au
774 1221 60 49 Petit
864 1216 97 54 Théâtre
998 1220 169 49 Mouffetard,

102 1264 35 42 76,
164 1264 32 43 rue
234 1264 153 43 Mouffetard
425 1264 0 44 :
456 1264 91 44 Claude
585 1264 135 45 Cagnasso
762 1264 31 45 Big
832 1264 80 46 Band.

102 1301 26 50 Au
171 1301 87 50 Centre
301 1302 104 49 culturel
441 1303 148 48 américain,
622 1303 21 48 3,
676 1304 32 47 rue
752 1304 18 47 du
813 1304 97 47 Dragon
954 1305 10 46 à
997 1305 18 46 20
1058 1306 0 45 h
1101 1306 65 45 30:

100 1347 8 39 le
145 1347 17 39 10
195 1346 135 40 novembre
366 1346 0 39 :
394 1346 71 39 Steve
498 1345 73 39 Lacy,
596 1345 118 39 quintet;
742 1345 9 39 le
787 1344 17 39 25
838 1344 134 39 novembre
1011 1344 0 39 :
1037 1343 120 39 quartette

98 1382 0 39 «
138 1382 147 39 Perception
322 1382 0 39 »
363 1382 34 39 (S.
427 1382 117 39 Kessler,
574 1382 10 39 J.
616 1382 113 39 Saeffer,
758 1382 51 39 J.M.
843 1382 105 39 Truong,
977 1382 24 39 D.
1033 1382 131 39 Levallet).

101 1432 35 37 Les
180 1430 117 39 concerts
341 1430 0 38 «
382 1429 9 39 à
426 1429 9 39 la
479 1428 91 40 Daniel
606 1427 105 40 Caux»
752 1426 56 41 vont
846 1425 94 41 bientôt
978 1423 132 43 reprendre
1157 1423 9 42 à

100 1467 8 39 la
145 1467 98 39 Faculté
271 1466 121 39 d’Orsay.
420 1466 25 39 On
481 1466 113 39 annonce
630 1465 93 39 Brigitte
759 1465 129 39 Fontaine,
916 1464 112 40 Magma,
1053 1464 31 39 et,
1109 1464 51 39 vers

96 1503 11 38 la
143 1503 201 38 mi-novembre,
370 1503 71 38 Steve
477 1503 73 38 Lacy.
579 1503 36 38 Les
652 1503 67 38 dates
756 1503 102 38 exactes
891 1503 89 38 seront
1009 1503 148 38 annoncées

103 1538 36 44 par
169 1537 44 42 voie
249 1537 117 42 d’affiche
403 1537 17 42 et
450 1536 16 43 au
506 1536 40 43 Pop
583 1536 74 44 Club.
683 1535 107 45 L’entrée
827 1535 100 45 coûtera
964 1534 0 46 5
997 1534 97 46 francs.

98 1626 40 38 Lou
178 1626 108 39 Bennett
317 1626 80 40 jouera
434 1626 9 40 le
483 1626 126 41 mercredi
637 1626 0 42 4
677 1626 135 43 novembre
852 1626 0 43 :
883 1626 9 43 à
923 1626 0 43 «
960 1626 18 44 La
1015 1626 96 45 Carène
1151 1626 0 45 »

101 1663 136 39 Drugstore
285 1662 326 39 Saint-Michel-sur-Orge
659 1662 48 37 (91)
747 1661 139 38 (réduction
934 1661 19 37 de
998 1661 19 37 25
1065 1660 21 37 O/0
1129 1660 34 37 sur

102 1700 173 40 présentation
320 1700 20 36 de
381 1699 151 43 Jazz-Hot);
571 1698 122 45 vendredi
728 1697 0 37 6
770 1696 134 47 novembre
946 1696 0 42 :
985 1696 16 43 au
1046 1696 0 37 «
1091 1695 77 45 Blow¬

101 1734 90 37 Up»,
229 1734 36 38 66,
300 1733 93 39 avenue
441 1733 19 39 du
509 1732 282 42 Général-de-Gaulle,
830 1731 337 44 95-Enghien-les-Bains;

101 1770 99 42 samedi
227 1769 0 42 7
256 1769 135 42 novembre
426 1769 0 41 :
453 1769 6 41 à
485 1768 82 42 l’Ecole
603 1767 161 43 d’équitation
799 1767 18 42 du
855 1766 179 42 Val-de-Seine
1069 1766 88 41 (soirée

100 1804 116 40 réservée
260 1804 38 39 aux
342 1803 123 39 membres
509 1802 20 39 de
572 1801 212 40 l’Association).

102 1853 97 39 Annecy
234 1853 47 39 Jazz
319 1852 79 40 Action
440 1852 114 40 présente
595 1852 9 40 le
645 1852 100 41 samedi
780 1852 0 41 7
816 1851 135 42 novembre
992 1851 9 42 à
1033 1851 18 42 21
1089 1851 17 42 h,
1139 1851 17 42 au

100 1886 46 45 Jazz
186 1886 53 44 Club
285 1886 98 44 (Poulet
417 1886 9 43 à
460 1886 83 43 Gogo,
580 1886 292 42 Annecy-le-Vieux):
906 1886 136 40 Homesick
1085 1886 77 39 James

100 1922 85 49 Blues,
213 1923 89 46 guitare
339 1924 18 42 et
387 1924 83 42 vocal.

103 1966 134 48 Quinzaine
279 1966 19 48 du
340 1965 45 49 jazz
423 1965 12 49 à
465 1965 12 49 la
519 1965 42 49 MIC
610 1965 38 50 des
690 1965 198 50 Marquisats:
926 1964 12 51 14
980 1964 137 51 novembre
1159 1964 11 51 à

101 2010 17 39 20
157 2010 0 39 h
198 2009 17 40 30
257 2009 0 40 :
292 2009 35 40 Trio
368 2008 94 40 Michel
495 2008 123 40 Roques;
651 2007 17 41 18
706 2006 136 42 novembre
883 2006 0 42 :
918 2006 38 41 Pon
998 2006 0 41 :
1033 2005 138 42 Perpetual.

100 2045 91 43 Motion
226 2045 88 42 Food;
341 2045 17 41 20
394 2045 135 41 novembre
564 2045 0 40 :
593 2044 50 41 Free
681 2044 0 40 :
711 2044 76 40 X-TET
819 2044 50 39 J.M.
899 2044 79 39 Boutin
1013 2044 21 38 et
1063 2044 30 38 M.
1122 2044 44 37 Ca¬

101 2081 84 42 pelle;
220 2081 75 42 débat
330 2081 53 42 avec
424 2081 28 42 les
493 2081 164 42 musiciens;
691 2081 19 42 24
751 2081 135 42 novembre
927 2081 0 42 :
965 2081 204 42 New-Orleans.

103 2116 34 41 The
177 2116 98 41 Prologs
312 2116 89 41 Rogs;
432 2116 15 41 25
487 2116 132 41 novembre
659 2116 0 41 :
690 2116 89 41 Septet
813 2116 61 41 Dany
911 2116 92 41 Doriz;
1037 2116 46 41 plus
1120 2116 37 41 une

99 2153 78 46 soirée
215 2153 56 46 films
312 2153 16 46 et
362 2153 35 46 une
438 2153 75 45 soirée
554 2153 173 45 conférence.

529 2357 21 56 Le
588 2361 17 52 12
647 2357 139 57 Décembre
823 2357 9 57 à
861 2355 80 59 partir
975 2355 21 60 de
1034 2355 21 60 21
1089 2355 21 60 h.

537 2418 176 66 SALLE
787 2416 288 66 WAGRAM

708 2503 82 57 JAZZ
844 2503 79 57 HOT

536 2571 129 47 présente
710 2570 103 46 comme
858 2568 115 46 chaque
1015 2567 90 45 année

164 2634 56 156 La
351 2634 210 157 NUIT
682 2648 67 143 du
869 2634 210 157 JALL

620 2839 16 71 le

158 2908 317 75 rendez-vous
528 2908 63 74 des
639 2906 201 75 jazzmen
903 2907 32 73 de
993 2908 106 72 Paris

1763 81 571 131 INEORMATIONS

1342 290 40 23 D.
1411 290 31 24 2.
1474 290 39 26 A.

1289 364 90 46 BLUES
1421 363 74 46 POUR
1536 363 74 45 JANIS
1652 362 90 45 JOPLIN

1288 422 22 50 Le
1353 424 0 49 4
1397 426 117 49 octobre,
1549 419 9 56 la
1601 417 140 60 chanteuse
1780 414 61 55 Janis
1880 412 70 58 Joplin
1997 426 35 45 est
2067 410 87 62 morte.
2193 408 157 64 Cataloguée

1291 472 0 35 «
1328 470 85 37 pop»
1451 469 34 37 son
1526 468 41 38 nom
1614 465 154 41 n’évoquera
1809 464 53 41 sans
1903 462 69 43 doute
2009 461 38 43 pas
2088 460 69 44 grand
2198 458 72 46 chose
2311 457 37 46 aux

1289 505 126 39 puristes.
1445 504 35 38 Les
1522 503 79 38 autres
1639 502 17 38 se
1697 499 189 40 souviendront
1922 497 142 40 longtemps
2105 496 19 39 de
2165 495 36 39 son
2245 494 0 39 «
2286 493 69 40 Sum¬

1291 538 105 39 mertime
1439 538 16 40 »,
1491 537 20 41 de
1553 537 36 42 son
1632 536 137 45 apparition
1812 535 55 46 dans
1910 535 10 39 le
1962 534 30 46 film
2044 534 0 38 «
2083 533 131 45 Monterey
2257 532 39 39 Pop
2342 532 0 42 »

1290 577 37 36 Elle
1373 576 62 37 avait
1472 574 92 38 comme
1610 573 55 38 idole
1711 571 133 40 Leadbelly
1887 570 21 40 et
1945 568 95 42 surtout
2080 566 83 43 Bessie
2212 565 87 44 Smith.
2335 564 22 44 Si

1287 610 58 42 cette
1392 609 110 43 dernière
1546 608 89 44 repose
1679 606 161 46 maintenant
1877 605 55 47 dans
1980 604 37 48 une
2061 602 127 46 sépulture
2236 601 116 45 décente,

1290 649 62 39 c’est
1382 648 142 45 justement
1554 647 71 44 grâce
1665 647 9 35 à
1702 646 58 36 Janis
1797 645 71 37 Joplin
1908 645 18 37 et
1960 644 9 38 à
2000 643 122 39 quelques
2159 642 96 40 autres.
2285 641 65 41 Ceux

1291 686 37 38 qui
1366 683 207 47 n’appréciaient
1611 683 37 45 pas
1692 682 35 37 son
1774 681 84 38 talent,
1896 681 28 38 lui
1959 680 87 39 seront
2084 679 16 40 au
2147 678 75 41 moins
2266 677 88 42 recon¬

1290 717 129 41 naissants
1458 719 59 39 pour
1554 720 64 38 cela.

1291 824 69 40 Chick
1401 824 74 39 Corea
1513 823 0 39 a
1549 823 79 39 formé
1658 822 19 39 un
1716 821 109 39 nouveau
1866 821 96 38 quartet
1992 820 39 38 qui
2061 819 134 38 comprend
2233 819 11 37 le
2283 818 71 38 saxo¬

1290 861 115 42 phoniste
1447 860 39 43 alto
1531 859 109 43 Anthony
1681 858 122 44 Braxton,
1832 858 10 43 le
1887 857 109 44 bassiste
2038 856 61 45 Dave
2144 855 99 46 Holland
2285 854 19 46 et
2340 854 9 46 le

1290 899 99 39 batteur
1426 899 68 41 Barry
1537 898 127 44 Altschul.

1293 940 21 41 Au
1358 939 68 42 cours
1470 938 17 43 du
1532 937 105 44 conceri
1671 936 85 45 qu’elle
1800 935 106 46 donnera
1947 934 10 47 à
1991 934 61 47 Paris
2090 933 10 48 le
2144 933 17 48 30
2205 931 150 46 novembre,

1291 979 37 37 Ella
1369 978 50 38 sera
1460 976 194 39 accompagnée
1695 975 38 40 par
1767 975 10 40 le
1821 974 31 40 trio
1896 974 19 40 du
1959 972 100 42 pianiste
2103 971 78 43 Oscar
2219 970 138 43 Peterson.

1292 1013 70 40 C’est
1387 1012 9 40 la
1429 1011 118 41 première
1584 1011 39 40 fois
1657 1011 39 40 que
1730 1010 56 40 nous
1820 1010 28 39 les
1882 1009 98 40 verrons
2014 1009 17 39 se
2067 1008 110 40 produire
2210 1007 149 40 ensemble.

1292 1071 0 41 e
1334 1071 38 41 Sun
1411 1071 21 42 Ra
1470 1070 35 43 fait
1536 1070 70 43 partie
1640 1070 39 43 des
1713 1070 49 44 cing
1797 1069 191 45 compositeurs
2027 1069 90 46 choisis
2152 1068 38 45 par
2218 1068 10 40 le
2267 1068 90 46 Metro¬

1290 1111 87 40 politan
1413 1110 102 40 Museum
1560 1109 18 40 of
1608 1109 36 40 Art
1671 1109 18 40 de
1725 1108 45 41 New
1818 1107 49 41 York
1903 1106 57 42 pour
1990 1105 135 42 présenter
2155 1104 60 42 leurs
2251 1103 96 43 œuvres

1290 1147 18 41 au
1350 1146 69 42 cours
1455 1146 21 41 de
1512 1145 9 42 la
1560 1145 81 42 saison
1683 1143 154 43 1970/1971.
1867 1143 18 42 Le
1924 1142 78 43 Space
2044 1141 111 43 Arkestra
2197 1140 102 44 passera
2338 1140 9 43 le

1290 1183 1 40 2
1327 1179 100 44 février.

1293 1234 0 47 •
1341 1235 0 49 «
1377 1236 64 54 Baby
1482 1239 136 46 Sweets»
1658 1240 16 46 un
1718 1237 145 52 opéra/jazz
1903 1236 68 51 parlé
2003 1236 20 48 de
2063 1235 44 48 Bill
2139 1234 36 47 Lee
2216 1233 20 46 et
2272 1232 89 46 Sonny.

1290 1281 82 38 Brown
1413 1281 0 38 a
1454 1280 35 39 été
1528 1279 152 40 représenté
1716 1279 17 39 au
1777 1278 86 40 Village
1910 1276 126 42 Vanguard
2080 1276 53 42 avec
2174 1275 9 42 le
2224 1274 126 43 concours

1291 1317 19 35 du
1352 1317 0 35 «
1393 1316 42 36 New
1489 1316 50 35 York
1579 1315 57 36 bass
1676 1315 64 36 violin
1782 1314 99 37 choir»
1921 1313 129 37 composé
2084 1313 19 37 de
2146 1313 82 37 Sonny
2269 1312 77 37 Brown

1289 1352 12 39 à
1331 1352 9 39 la
1382 1351 150 40 percussion
1578 1351 18 39 et
1629 1350 21 40 de
1692 1350 54 40 sept
1779 1349 129 41 bassistes
1947 1349 57 41 dont
2040 1348 100 42 Richard
2185 1347 90 42 David,
2308 1347 39 42 Ron

1290 1387 97 43 Carter,
1417 1386 47 44 Milt
1494 1385 83 45 Hinton
1618 1384 16 46 et
1664 1383 44 47 Sam
1751 1382 71 48 Jones

1291 1432 40 37 Ran
1370 1432 69 36 Blake
1478 1432 0 36 a
1514 1421 85 46 donné
1629 1423 19 44 un
1688 1424 108 42 concert
1825 1419 92 46 intitulé
1953 1423 0 42 «
1989 1423 98 41 Protest
2120 1418 65 46 piano
2221 1422 0 41 -
2254 1423 16 40 La
2310 1425 45 37 mu¬

1291 1466 66 38 sique
1396 1466 36 39 est
1465 1466 36 39 une
1544 1465 105 40 réponsc
1691 1464 36 42 aux
1767 1463 131 43 injustices
1937 1462 135 45 politiques
2108 1461 19 46 et
2163 1460 151 48 sociales»
2350 1460 7 48 à

1290 1502 164 40 l’Université
1488 1502 21 40 de
1549 1501 43 41 New
1645 1500 67 42 York,
1743 1500 9 42 le
1792 1500 16 43 23
1848 1499 120 44 octobre.

1291 1563 0 37 °
1337 1563 59 39 Greg
1435 1563 89 41 Davis,
1553 1562 30 43 fils
1622 1562 20 44 de
1681 1562 85 46 Miles,
1796 1562 167 47 trompettiste
2002 1562 26 39 lui
2061 1561 82 42 aussi,
2172 1561 69 44 dirige
2280 1561 10 45 à
2319 1561 36 46 St¬

1291 1602 65 40 Louis
1396 1601 18 41 un
1454 1601 89 41 groupe
1583 1600 98 42 d’avant
1715 1600 89 42 garde,
1832 1600 9 42 le
1884 1600 0 42 «
1921 1599 110 43 Musical
2062 1599 138 43 Liberation
2240 1598 68 44 Front
2342 1598 0 44 »

1292 1655 0 47 8
1332 1656 26 46 Un
1395 1657 104 44 concert
1525 1660 10 41 à
1562 1661 10 40 la
1606 1659 113 41 mémoire
1759 1657 17 43 de
1812 1653 101 47 Booker
1943 1651 60 48 Ervin
2036 1652 0 46 a
2073 1653 17 45 eu
2126 1654 37 44 lieu
2200 1656 10 42 le
2243 1657 20 41 28
2300 1659 53 38 sep¬

1288 1700 90 43 tembre
1416 1700 19 43 au
1474 1699 96 44 Lorelei
1599 1698 166 45 Restaurant,
1794 1698 42 45 New
1887 1697 71 46 York.

1292 1759 0 42 °
1336 1757 96 44 Ornette
1473 1755 119 45 Coleman
1630 1754 0 46 a
1667 1753 38 47 fait
1739 1753 17 47 sa
1794 1751 92 49 rentrée
1923 1750 17 49 au
1981 1750 79 49 Slug’s
2097 1753 17 46 et
2148 1754 106 45 Pharoah
2295 1758 62 40 San¬

1291 1798 50 39 ders
1376 1798 34 40 est
1439 1797 81 41 passé
1546 1797 18 41 au
1602 1797 85 42 Village
1728 1796 145 44 Vanguard.

1288 1916 18 41 Le
1347 1915 112 42 nouveau
1497 1914 90 44 groupe
1629 1914 17 44 de
1692 1913 59 45 Terry
1792 1912 73 46 Gibbs
1904 1911 73 47 passe
2018 1910 244 49 quotidiennement
2296 1909 11 50 à
2335 1909 10 50 la

1289 1956 128 40 télévision
1463 1955 55 41 dans
1561 1954 36 42 une
1639 1953 118 43 émission
1803 1951 147 45 supervisée
1993 1951 39 45 par
2068 1950 10 46 le
2120 1948 177 48 compositeur
2336 1948 16 48 et

1291 1990 128 38 comédien
1463 1990 69 39 Steve
1576 1989 78 40 Allen.
1686 1988 37 41 Les
1767 1988 135 42 musiciens
1943 1987 38 43 qui
2015 1986 135 44 entourent
2184 1986 76 45 Gibbs
2300 1985 54 46 sont

1288 2026 10 37 le
1338 2026 163 37 clarinettiste
1544 2026 43 37 Gus
1628 2026 104 37 Bivona,
1765 2026 7 37 le
1815 2026 102 37 pianiste
1957 2026 59 37 Paul
2046 2026 89 37 Smith,
2168 2026 10 37 le
2218 2026 125 37 guitariste

1288 2061 92 39 Barney
1420 2061 105 39 Kessel,
1556 2061 12 40 le
1608 2061 107 40 bassiste
1758 2060 120 41 Hughart,
1912 2060 18 41 et
1961 2060 12 41 le
2013 2060 95 42 batteur
2145 2060 86 42 Franck
2274 2060 83 42 Capp.

1289 2110 170 42 Christopher
1501 2109 83 46 William
1642 2108 128 45 Brubeck,
1805 2107 16 41 18
1869 2107 55 45 ans,
1959 2107 0 43 a
2004 2106 83 43 monté
2126 2105 19 42 un
2190 2104 90 42 groupe
2328 2104 19 40 de

1286 2146 49 39 rock
1372 2146 96 39 intitulé
1495 2145 126 41 Heavenly
1655 2145 70 41 Blue.
1750 2145 9 41 Il
1790 2145 71 41 s’agit
1888 2145 46 41 bien
1971 2145 37 41 sûr
2039 2145 18 41 du
2094 2144 28 43 fils
2158 2144 19 43 de
2214 2144 33 43 son
2284 2144 71 43 père.

1343 2350 242 128 Caveau
1678 2344 56 136 de
1827 2343 28 134 la
1948 2343 317 136 Huchette

1455 2475 17 43 5.
1499 2475 38 43 RUE
1569 2475 21 42 DE
1622 2475 15 42 LA
1678 2475 123 41 HUCHETTE
1831 2475 44 40 (se)
1901 2475 0 39 —
1948 2475 38 39 Tél.
2013 2475 64 38 DAN.
2104 2475 64 38 65-05

1338 2518 24 40 LE
1410 2517 136 43 CÉLEBRE
1594 2515 153 48 CABARET
1795 2515 27 49 DE
1866 2514 72 42 JAZZ
1989 2514 31 43 OU
2071 2513 58 45 L'ON
2187 2512 106 48 DANSE

1341 2575 36 69 Du
1443 2576 37 69 1er
1522 2588 30 60 au
1618 2578 54 69 8:
1720 2560 217 87 MAXIM
2051 2558 223 87 SAURY

1339 2657 42 68 Du
1435 2656 0 61 9
1494 2668 24 57 au
1578 2654 90 72 30:
1721 2641 227 84 DANY
2038 2640 227 85 DORIZ

1338 2721 35 62 LES
1407 2721 141 61 DIMANCHES
1587 2722 146 59 MATINÉES:
1763 2723 240 57 RAYMOND
2054 2724 236 54 FONSEQUE

1337 2790 18 57 LE
1386 2789 126 65 VENOREDI
1543 2789 18 64 ET
1593 2788 94 62 SAMEDI
1718 2788 81 64 SOIREE
1826 2787 0 56 :
1862 2787 108 59 RENÉ
2001 2786 139 63 FRANC
2194 2785 76 63 TRIO

1726 2843 40 54 (EN
1825 2841 87 60 PLUS)

1339 2900 99 47 OUVERT
1467 2900 15 47 T.
1493 2901 19 46 L.
1523 2906 18 41 S.
1563 2902 18 46 de
1607 2901 22 47 21
1651 2905 19 43 h.
1688 2899 15 49 30
1739 2903 8 45 à
1769 2906 0 42 1
1795 2907 14 41 h.
1831 2906 0 42 —
1872 2906 0 42 2
1901 2905 15 43 h.
1938 2903 132 46 VENDREDI
2096 2903 0 46 —
2133 2902 0 47 3
2162 2902 19 47 H.
2203 2900 99 49 SAMEDI

1522 2945 124 41 MATINÉES
1679 2944 129 41 DIMANCHE
1842 2944 15 41 16
1887 2943 18 42 h.
1926 2943 0 42 —
1965 2942 94 43 Entrée:
2083 2942 0 42 9
2113 2942 0 42 F

2314 3025 31 39 35
