2480 3174
87 677 19 40 LE
151 677 139 43 FESTIVAL
335 677 26 44 DU
412 677 52 45 SON
515 677 52 47 1970

90 761 99 53 Comme
231 762 91 52 chaque
364 759 76 55 année
482 767 8 47 le
531 763 111 51 Festival
676 762 19 52 du
737 761 42 53 Son
824 772 0 42 a
862 772 19 42 eu
927 772 34 42 lieu
1007 772 19 42 au
1068 772 76 42 Palais

90 802 122 40 d’Orsay.
240 803 38 40 Les
315 803 113 41 concerts
469 804 19 41 de
526 804 43 42 jazz
607 804 132 43 organisés
773 805 19 43 et
824 805 134 44 présentés
996 806 38 44 par
1068 807 82 44 André

89 834 93 43 Francis
218 835 54 43 dans
305 836 30 42 les
368 836 180 44 perspectives
581 838 21 43 de
639 838 57 44 cette
732 839 186 45 manifestation
957 841 36 44 ont
1020 841 129 45 remporté

90 876 17 35 un
140 876 92 36 succès
265 877 96 36 énorme
394 878 21 35 et
440 878 38 36 l’on
511 879 0 35 a
547 879 25 35 dû
600 879 96 36 refuser
724 880 21 35 du
778 881 104 35 monde.
907 881 28 36 On
971 882 0 35 y
1004 882 0 35 a
1039 882 104 36 entendu

86 911 235 40 successivement
356 912 42 39 Guy
438 913 78 38 Lafitte
559 913 181 39 accompaané
775 914 37 38 par
844 915 11 37 le
893 915 34 37 trio
970 915 16 38 de
1029 915 115 38 Georges

92 946 144 38 Arvanitas,
271 946 26 38 les
341 946 127 39 Swingers
509 947 20 39 et
565 947 26 39 les
635 947 56 39 Four
729 947 97 40 Bones,
861 947 9 40 le
914 948 35 40 trio
993 948 18 40 de
1058 948 94 41 Michel

87 978 117 40 Roques,
234 979 9 40 le
285 980 120 41 quartette
447 981 18 40 de
510 982 124 41 Stéphane
679 983 132 42 Guérault,
844 984 144 43 l’orchestre
1033 986 18 42 de
1093 986 54 43 Kurt

86 1040 161 15 L-deiriadell,
278 1040 39 15 Blll
351 1040 126 16 Colelliail
508 1043 177 14 decolligauile
724 1043 38 14 Bai
796 1043 71 15 Alaill
899 1043 0 15 l
918 1043 75 15 Qugel
1005 1043 30 15 EL,
1067 1043 0 16 I
1087 1043 70 16 lEl1e.

86 1052 33 39 Sim
163 1053 16 38 et
209 1053 102 39 Charles
346 1054 123 39 Bellonzi,
494 1055 49 38 Mal
568 1055 112 39 (Waldron
719 1056 183 39 accompagné
932 1058 36 37 par
998 1058 151 38 Jean-Fran¬

85 1093 46 38 çois
166 1093 95 39 Catoire
298 1093 17 39 et
344 1093 121 41 Christian
505 1093 106 42 Vander.

88 1132 117 49 Ajoutons
244 1132 68 49 qu’un
351 1133 106 48 concert
489 1133 124 48 organisé
645 1134 39 47 par
720 1134 81 47 André
833 1134 96 47 Francis
968 1134 0 47 a
1007 1135 18 46 eu
1067 1135 36 46 lieu
1145 1135 7 46 à

81 1167 12 42 la
131 1167 211 43 Conciergerie;
375 1168 17 42 on
430 1169 3 42 y
472 1169 0 42 a
510 1169 103 43 entendu
654 1170 58 42 Eddy
751 1170 102 43 Louiss,
883 1171 79 42 Kenny
1003 1171 82 43 Clarke
1127 1172 17 42 et

86 1199 67 51 René
185 1200 99 51 Thomas
319 1202 61 49 ainsi
408 1203 39 48 que
482 1204 29 47 les
546 1204 50 47 Soft
628 1205 131 47 Machines
794 1207 53 45 avec
886 1208 57 44 deux
978 1209 163 44 saxo-ténors

87 1241 38 40 qui
151 1241 83 43 jouent
260 1242 93 44 comme
388 1242 36 46 des
456 1243 51 47 fous

86 1378 86 48 DIZZY
207 1378 153 48 GILLESPIE
399 1378 0 48 A
439 1378 99 48 L'ORTF

88 1465 132 47 Dimanche
261 1467 16 45 15
316 1468 61 45 mars
415 1469 71 45 1970.
515 1471 67 43 Dizzy
621 1472 119 43 Gillespie
778 1474 55 42 (tp),
865 1475 96 42 George
1000 1477 70 40 Davis
1109 1478 45 40 (g),

85 1502 59 48 Mike
177 1504 79 47 Longo
292 1505 43 47 (p),
361 1506 39 46 Red
440 1507 111 47 Mitchell
581 1509 42 45 (b),
650 1510 72 45 David
758 1512 36 44 Lee
830 1513 72 44 (drs).

86 1541 111 51 Concert
225 1542 45 50 très
305 1543 135 49 agréable,
472 1545 66 46 grâce
576 1546 10 45 à
614 1546 10 45 la
663 1546 128 45 musique,
819 1548 49 43 bien
906 1549 48 41 sûr,
986 1549 52 41 mais
1076 1550 73 40 aussi

86 1581 65 39 grâce
184 1582 8 38 à
217 1582 11 39 la
261 1582 74 39 bonne
370 1583 102 38 humeur
499 1584 167 38 contagieuse
702 1585 19 37 de
754 1585 136 38 Gillespie.
915 1586 8 37 Il
948 1587 36 36 est
1011 1587 77 37 certes
1120 1588 20 36 un

83 1620 38 42 peu
158 1620 115 42 enfermé
307 1620 55 41 dans
402 1621 17 39 un
462 1621 55 39 style
557 1621 37 39 qui
626 1621 17 38 ne
686 1621 58 38 varie
784 1621 69 38 quère
893 1622 83 36 depuis
1016 1622 124 36 quelques

83 1657 110 37 années.
218 1657 56 38 Mais
308 1657 56 38 quel
386 1658 73 37 talent
487 1658 17 38 de
540 1658 155 38 showman!
723 1658 59 39 Avec
813 1658 36 39 une
883 1659 134 39 étonnante
1051 1659 95 39 décon¬

82 1689 117 42 traction,
230 1690 68 41 Dizzy
335 1691 113 41 parsème
488 1692 19 40 sa
544 1692 138 40 prestation
722 1693 19 39 de
781 1694 55 38 gags
876 1694 37 39 qui
944 1695 55 38 sont
1027 1695 12 38 le
1079 1696 71 37 reflet

84 1721 45 40 d’un
163 1722 118 40 véritable
314 1723 54 40 sens
404 1724 20 39 de
458 1725 134 39 l’humour.
618 1726 8 39 Il
651 1726 101 39 n’hésite
789 1728 36 38 pas
859 1728 9 38 à
893 1729 84 38 saluer
1005 1730 20 37 un
1059 1730 81 38 visage

82 1759 76 38 connu
189 1760 58 37 dans
275 1760 11 37 la
317 1761 73 37 salle,
411 1761 8 37 à
442 1761 52 38 faire
526 1762 65 37 venir
617 1763 39 37 des
685 1763 127 38 coulisses
844 1764 39 37 des
914 1764 55 38 amis
1000 1765 141 38 impatients

83 1791 18 41 de
149 1791 136 51 l’écouter,
322 1792 19 50 ou
389 1792 7 44 à
433 1793 18 50 se
499 1793 103 53 moquer
642 1794 140 52 gentiment
823 1794 37 51 des
907 1795 159 51 cameramen
1113 1796 37 45 qui

82 1826 120 42 filmaient
235 1827 38 41 son
311 1828 126 41 concert;
470 1829 64 41 Dizzy
572 1829 18 41 se
631 1830 53 41 sent
716 1830 53 42 chez
807 1831 39 41 lui.
878 1831 217 43 Techniquement
1128 1833 17 41 et

81 1867 211 41 musicalement,
320 1869 8 39 il
353 1869 59 40 reste
452 1870 19 40 un
505 1871 39 39 des
578 1871 48 40 plus
662 1872 87 40 grands
785 1873 202 42 trompettistes.
1013 1875 64 40 Dans
1111 1876 28 40 les

82 1899 129 45 ballades,
242 1901 9 43 il
282 1901 0 43 a
325 1902 95 43 montré
454 1903 37 42 son
534 1904 206 42 exceptionnelle
780 1907 126 40 sonorité,
940 1909 123 39 prouvant
1097 1910 40 38 une

81 1937 40 37 fois
158 1938 19 37 de
214 1938 49 38 plus
300 1938 37 38 que
375 1939 61 38 c’est
468 1940 57 38 dans
562 1940 19 38 ce
621 1941 67 38 genre
728 1941 37 39 que
805 1942 38 38 l’on
880 1942 16 39 se
936 1943 51 39 rend
1025 1943 123 40 vraiment

81 1974 93 38 compte
213 1975 20 37 de
266 1975 12 38 la
314 1975 146 39 musicalité
488 1976 48 38 d’un
572 1976 101 39 soliste.
701 1976 79 40 Parmi
811 1977 28 40 les
875 1977 135 41 nombreux
1044 1978 95 41 thèmes

79 2006 153 43 interprétés
264 2008 109 42 (surtout
399 2009 18 41 au
452 2009 67 42 cours
555 2010 17 41 de
608 2011 8 40 la
652 2011 117 41 première
801 2012 71 40 partie
907 2013 44 40 fort
978 2014 102 40 longue,
1107 2015 35 39 car

81 2043 10 44 il
119 2043 63 45 avait
213 2044 82 44 oublié
327 2045 116 44 l’heure),
471 2046 57 44 nous
565 2046 76 45 avons
675 2047 19 44 eu
735 2047 60 45 droit
826 2048 198 45 naturellement
1056 2049 9 44 à
1093 2050 47 44 Con

79 2080 78 44 Alma,
181 2081 78 43 Kush,
286 2081 79 44 Round
401 2082 135 44 Midnight,
560 2083 72 44 Night
662 2084 9 43 in
710 2084 105 44 Tunisia.
842 2085 43 43 Red
921 2086 114 43 Mitchell
1062 2086 36 44 mis
1134 2087 9 43 à

80 2114 48 47 part
154 2115 64 46 (mais
250 2115 10 46 il
282 2115 29 46 fut
337 2116 122 45 desservi
481 2117 39 44 par
545 2117 36 44 une
613 2118 128 43 mauvaise
773 2119 171 42 sonorisation
976 2120 19 41 de
1030 2120 36 41 son
1098 2121 45 40 ins¬

80 2154 117 43 trument)
230 2155 35 42 son
306 2155 126 42 ensemble
470 2156 21 41 ne
529 2157 112 40 contient
673 2157 38 40 pas
750 2158 17 39 de
805 2158 71 39 grand
914 2159 138 38 musicien,
1081 2160 56 37 mais

80 2184 47 43 tout
153 2185 9 42 le
197 2185 86 43 monde
318 2186 0 42 a
350 2186 47 42 bien
433 2187 64 41 joué.
521 2188 20 40 En
577 2188 20 40 fin
633 2189 17 40 de
685 2189 118 40 concert,
827 2190 67 39 Dizzy
927 2191 0 38 a
962 2191 91 39 chanté
1082 2192 56 38 avec

80 2223 147 39 simplicité,
251 2225 56 37 goût
334 2225 16 38 et
377 2226 69 38 swing
481 2226 19 38 en
534 2227 56 38 nous
622 2228 134 39 rappelant
783 2229 146 40 également
959 2230 56 40 qu’il
1039 2231 35 39 est
1098 2232 37 39 l’un

80 2260 37 37 des
148 2261 96 37 maîtres
276 2261 18 37 du
328 2262 62 37 scat.
416 2262 118 38 Gillespie
568 2263 33 37 est
628 2264 83 37 depuis
745 2264 143 38 longtemps
920 2266 20 37 un
972 2266 164 38 personnage

79 2295 143 40 légendaire
257 2297 55 39 dans
345 2297 115 40 l’histoire
496 2299 19 38 du
550 2299 58 39 jazz.
635 2300 9 38 Il
668 2300 58 38 nous
759 2301 142 38 réconforte
937 2302 55 38 avec
1025 2303 35 37 une
1096 2304 49 37 mu¬

75 2332 65 40 sique
176 2333 54 39 sans
264 2334 145 40 problème,
435 2335 53 40 mais
525 2336 53 39 sans
612 2337 61 39 ride.
699 2337 98 40 Comme
833 2338 135 41 Ellington,
993 2340 12 39 il
1030 2340 36 39 est
1094 2341 37 39 l’un

79 2369 18 37 de
135 2369 53 37 ceux
225 2370 38 37 qui
289 2370 129 37 mourront
447 2370 19 37 un
506 2371 45 37 jour
583 2371 53 37 sans
674 2371 80 38 jamais
791 2372 64 37 avoir
890 2372 80 37 vieilli.
999 2372 142 38 Rassurez¬

81 2399 73 50 vous,
182 2400 17 49 ce
237 2401 63 48 n’est
328 2402 52 48 tout
411 2403 18 47 de
467 2404 73 46 même
578 2405 39 45 pas
651 2406 60 44 pour
742 2407 111 43 demain,
881 2409 38 42 car
951 2410 10 41 il
989 2410 90 41 semble
1118 2412 17 39 en

77 2439 101 49 parfaite
213 2438 83 50 santé.

76 2599 67 47 JOHN
184 2600 127 47 SURMAN
351 2602 23 46 ET
404 2602 131 46 MARTIAL
568 2603 94 46 SOLAL
699 2605 23 44 AU
769 2605 77 45 T.N.P.

923 2477 94 46 Michel
1048 2477 96 49 SAVY.

76 2689 75 45 Lundi
184 2690 13 44 16
233 2691 75 44 mars.
338 2692 49 44 John
426 2693 101 44 Surman
563 2695 50 43 (bs,
642 2695 33 44 ss,
704 2696 56 43 cla),
789 2697 66 43 Barre
894 2698 95 44 Phillips
1025 2700 42 42 (b),
1100 2700 33 43 Stu

75 2731 83 40 Martin
187 2732 74 39 (drs),
284 2732 98 40 Martial
405 2733 69 40 Solal
497 2733 43 40 (p),
563 2733 95 41 Gilbert
684 2734 106 41 Rovère,
813 2735 46 40 Guy
891 2735 126 41 Pedersen
1049 2736 43 41 (b).

76 2766 130 41 Excellent
237 2767 104 40 concert
372 2768 20 39 du
429 2768 35 39 trio
504 2769 118 39 Surman.
650 2770 127 38 L’entente
814 2771 60 37 entre
912 2772 28 36 les
978 2772 51 36 trois
1067 2773 74 35 musi¬

74 2803 63 37 ciens
170 2803 19 38 et
214 2804 46 37 leur
290 2804 159 38 intelligence
482 2805 118 38 musicale
633 2806 30 37 fut
688 2806 115 38 évidente
835 2807 17 37 et
879 2807 11 38 le
923 2807 91 38 succès
1046 2808 94 38 ample¬

76 2838 62 38 ment
173 2838 97 39 mérité.
308 2838 97 40 Martial
439 2838 69 41 Solal
543 2838 34 41 est
615 2838 19 42 de
678 2838 47 43 plus
766 2838 18 43 en
828 2838 47 44 plus
919 2838 176 46 merveilleux.
1129 2838 10 46 Il

75 2874 111 42 possède
225 2875 35 41 une
298 2875 191 41 connaissance
527 2876 18 40 de
583 2876 38 40 son
656 2877 150 39 instrument
839 2878 52 38 sans
927 2878 67 38 égale
1032 2878 53 38 dans
1123 2879 9 37 le

77 2907 57 44 jazz,
158 2908 27 43 me
218 2908 166 43 semble-t-il,
405 2909 18 42 et
450 2910 63 41 c’est
540 2910 69 41 aussi
633 2911 21 40 un
687 2911 42 40 très
762 2912 69 39 grand
864 2912 190 39 compositeur.
1081 2914 57 37 Pour

76 2946 18 44 ce
130 2946 111 44 nouveau
280 2947 54 43 trio,
361 2948 9 42 il
400 2948 0 42 a
439 2948 72 42 conçu
550 2949 39 41 des
626 2950 90 40 parties
752 2950 21 40 de
812 2951 168 39 contrebasse
1019 2952 120 38 passion¬

77 2981 102 58 nantes.
207 2982 177 55 Rigoureuse,
412 2983 75 55 riche,
514 2983 115 46 difficile,
656 2984 16 45 sa
708 2985 114 55 musique
857 2985 36 55 est
920 2986 59 53 l’une
1015 2986 39 51 des
1090 2987 47 48 plus

72 3045 12 50 e

1278 649 163 44 importantes
1481 649 57 45 dans
1578 648 50 47 l’art
1661 653 151 43 occidental
1845 650 200 48 d’aujourd’hui.
2078 653 57 45 Mais
2175 656 37 43 cet
2249 658 90 42 aspect

1274 692 150 36 occidental
1453 692 168 37 (c’est-à-dire
1661 693 195 37 l’éloignement
1888 693 80 37 visible
2011 693 18 37 de
2069 693 49 37 l’art
2150 694 186 37 négro-améri¬

1275 728 43 46 cain
1356 728 57 44 pour
1447 729 38 40 une
1522 729 148 46 conception
1707 730 44 44 très
1789 730 132 43 originale)
1952 731 19 41 de
2008 731 47 40 plus
2093 732 19 38 en
2153 732 43 38 plus
2234 732 104 37 marqué

1882 410 443 119 concerls

1277 763 15 37 va
1328 763 54 38 sans
1418 764 66 38 doute
1520 764 114 40 l’écarter
1667 765 48 40 d’un
1751 765 85 41 certain
1875 766 93 42 public,
1992 766 18 42 et
2040 767 63 42 c’est
2130 767 150 44 dommage.
2307 768 24 44 Sa

1274 800 110 36 musique
1424 800 34 36 est
1490 800 57 37 belle
1584 801 19 36 et
1635 801 64 36 d’une
1739 801 88 37 grande
1864 801 144 38 sensibilité
2040 801 56 39 mais
2134 802 8 38 il
2171 802 48 38 faut
2251 802 85 39 vérita¬

1278 837 109 37 blement
1418 838 122 37 l’écouter
1574 838 16 37 si
1621 838 36 37 l’on
1697 839 54 37 veut
1782 839 76 37 éviter
1889 839 21 37 de
1946 840 19 37 se
2004 840 98 37 heurter
2134 840 7 37 à
2173 840 18 37 sa
2227 841 110 37 froideur

1274 869 137 46 apparente

1275 1020 125 46 DHARMA
1444 1020 51 46 AUX
1536 1020 66 46 ARTS
1643 1020 72 46 DECO

2120 902 98 55 Michel
2245 905 99 52 SAVY.

1275 1110 30 48 Jef
1336 1110 82 47 Sicard
1459 1111 58 42 (bcl,
1544 1112 30 48 ts,
1602 1112 37 45 as,
1666 1113 35 43 fl),
1731 1113 89 49 Gérard
1857 1114 123 47 Coppéré
2014 1115 38 41 (ts,
2082 1115 48 48 ss),
2157 1116 99 44 Patricio
2300 1117 38 38 Vil¬

1265 1147 87 41 llaroel
1380 1148 42 41 (p),
1453 1148 93 41 Michel
1574 1149 123 41 Gurdieux
1731 1150 45 40 (b),
1801 1150 107 40 Jacques
1944 1151 116 40 Mahieux
2093 1152 87 39 (dms).
2214 1152 126 40 Vendredi

1276 1188 12 37 13
1324 1188 76 39 mars,
1427 1188 48 40 Arts
1508 1188 81 42 Déco,
1616 1188 31 42 rue
1683 1188 60 44 d’Ulm

1276 1225 17 41 La
1328 1226 55 41 salle
1420 1227 37 40 des
1492 1227 46 41 Arts
1572 1228 63 41 Déco
1670 1229 29 40 où
1724 1230 64 40 s’est
1816 1231 98 40 produit
1940 1232 9 39 le
1986 1232 101 40 Dharma
2124 1234 103 39 Quintet
2256 1235 83 39 n’était

1272 1271 35 39 pas
1339 1271 94 39 pleine,
1457 1271 93 39 malgré
1574 1271 38 39 ses
1644 1271 85 39 petites
1764 1271 174 39 dimensions.
1962 1271 0 39 A
2002 1271 56 39 quoi
2082 1271 40 39 bon
2155 1271 18 39 se
2208 1271 126 39 déranger

1275 1303 57 40 pour
1370 1304 36 39 des
1450 1304 137 39 inconnus,
1622 1305 74 38 quand
1740 1305 19 38 on
1803 1306 0 37 a
1844 1306 22 37 pu
1907 1306 104 37 écouter
2049 1307 19 36 en
2112 1307 120 36 quelques
2276 1308 55 35 mois

1274 1338 100 46 Shepp,
1409 1338 94 44 Taylor,
1531 1339 160 41 l’A.A.C.M.,
1723 1339 110 46 Murray,
1864 1340 44 44 Don
1952 1340 107 43 Cherry,
2068 1340 44 41 etc.
2144 1340 113 40 Mauvais
2298 1341 41 37 rai¬

1273 1375 156 36 sonnement
1461 1376 0 35 :
1488 1376 20 35 :le
1542 1376 77 35 public
1653 1376 0 35 a
1688 1376 143 36 découvert
1861 1377 37 35 des
1932 1377 218 36 instrumentistes
2184 1378 20 35 de
2241 1378 89 36 grande

1275 1408 77 37 classe
1396 1409 19 36 et
1448 1409 238 38 particulièrement
1719 1410 30 38 Jef
1784 1410 101 39 Sicard,
1918 1410 151 40 magnifique
2110 1411 8 39 à
2151 1411 11 40 la
2203 1411 126 41 clarinette

1275 1437 73 51 basse
1390 1439 17 45 et
1442 1439 10 44 le
1497 1440 209 48 Sud-Américain
1751 1443 118 48 Villaruel
1904 1445 17 45 au
1966 1446 98 43 piano;
2098 1448 7 39 il
2140 1448 101 39 passait
2276 1450 55 35 avec

1274 1479 99 37 aisance
1412 1480 18 36 de
1469 1480 40 37 Bill
1537 1480 76 37 Evans
1649 1481 8 36 à
1688 1481 71 36 Cecil
1790 1481 94 37 Taylor,
1910 1482 125 36 adoptant
2066 1483 16 35 sa
2121 1483 81 36 fureur
2233 1484 104 35 démen¬

1272 1514 85 38 tielle;
1389 1515 11 37 le
1443 1515 64 38 piano
1549 1515 83 38 (droit)
1667 1516 19 38 en
1726 1516 136 39 tremblait.
1894 1517 18 38 Le
1953 1517 98 39 batteur
2086 1518 117 39 semblait
2238 1519 91 39 parfois

1272 1548 121 41 manquer
1426 1549 17 41 de
1483 1549 141 43 précision.
1650 1550 131 44 Reproche
1818 1551 103 45 mineur,
1948 1551 94 47 devant
2072 1552 57 47 cette
2166 1552 93 49 qualité
2286 1553 47 49 rare

1272 1587 18 35 de
1329 1587 146 36 l’orchestre
1514 1588 0 36 :
1543 1588 10 36 la
1590 1589 138 36 cohésion.
1757 1589 26 36 De
1819 1590 45 36 trop
1903 1590 135 37 nombreux
2075 1591 117 37 concerts
2228 1591 19 37 de
2286 1592 44 37 free

1272 1622 42 42 jazz
1341 1622 129 43 souffrent
1494 1623 48 43 d’un
1572 1623 102 44 manque
1707 1624 72 43 quasi
1801 1625 60 43 total
1885 1625 18 43 de
1933 1625 147 44 répétitions
2113 1626 39 44 (cf.
2176 1626 24 44 D.
2224 1626 114 45 Burrlee,

1275 1657 20 37 A.
1322 1657 107 38 Shepp.,
1456 1658 17 37 au
1508 1658 79 38 centre
1623 1659 159 38 américain).
1809 1660 39 38 Les
1880 1660 124 39 membres
2039 1661 19 38 du
2094 1661 101 39 Dharma
2233 1662 102 39 Quintet

1274 1694 16 44 se
1334 1694 171 42 connaissent
1541 1695 47 47 bien
1632 1695 16 47 et
1682 1696 87 46 jouent
1802 1696 124 46 vraiment
1963 1697 0 45 «
2003 1697 131 45 ensemble
2177 1697 17 45 ».
2227 1698 10 44 Il
2271 1698 67 44 suffit

1272 1729 132 37 d’écouter
1436 1729 30 37 les
1501 1729 111 38 thèmes,
1642 1729 111 38 exposés
1789 1729 211 39 simultanément
2033 1729 38 40 par
2103 1729 26 40 les
2168 1729 55 40 deux
2262 1729 73 41 saxo¬

1273 1765 131 38 phonistes
1450 1766 53 38 avec
1548 1766 38 38 une
1631 1767 155 38 impeccable
1835 1768 109 38 rigueur,
1979 1768 59 39 pour
2078 1769 45 39 s’en
2169 1769 168 40 convaincre.

1274 1800 111 39 Certains
1417 1800 83 40 disent
1524 1800 56 41 déjà
1604 1800 38 42 que
1677 1800 62 43 c’est
1764 1800 7 44 le
1805 1800 108 46 meilleur
1941 1800 90 47 groupe
2062 1800 122 49 français.
2212 1800 24 50 Au
2267 1800 70 51 fond,

1271 1830 15 43 ils
1321 1831 66 43 n’ont
1412 1832 123 44 peut-être
1572 1834 38 44 pas
1641 1834 55 45 tort.

1271 1877 58 39 Pour
1359 1878 131 40 terminer,
1515 1879 19 39 un
1573 1880 46 38 mot
1649 1880 36 39 sur
1715 1881 27 38 les
1778 1881 115 39 concerts
1931 1883 17 37 de
1986 1883 41 38 free
2065 1884 44 38 jazz
2145 1884 19 38 du
2202 1885 135 38 vendredi,

1273 1916 132 46 organisés
1448 1917 38 45 par
1521 1918 163 44 l’infatigable
1728 1919 88 42 Daniel
1853 1920 79 41 Caux.
1966 1921 19 40 Ils
2029 1921 38 40 ont
2101 1921 38 39 été
2174 1922 109 38 interdits
2327 1923 10 37 à

1270 1953 114 37 l’Institut
1412 1954 76 36 d’Art,
1516 1954 56 36 pour
1602 1955 41 36 bris
1678 1955 18 36 de
1734 1956 125 36 matériel,
1887 1957 7 35 à
1922 1957 10 35 la
1968 1957 150 36 Sorbonne,
2143 1958 18 35 et
2191 1958 56 36 pour
2278 1959 55 35 inci¬

1270 1987 69 46 tation
1375 1988 10 41 à
1414 1988 10 39 la
1460 1989 131 45 débauche
1630 1990 79 46 (Il121)
1738 1991 10 43 à
1777 1991 121 42 Censier,
1928 1993 36 47 aux
2000 1993 49 47 Arts
2085 1994 62 46 Déco
2186 1995 59 45 pour
2278 1996 59 44 rien,

1270 2024 164 38 simplement
1465 2025 68 37 parce
1572 2025 39 38 que
1648 2026 18 37 ca
1703 2026 18 37 ne
1760 2026 55 38 plaît
1846 2027 55 37 pas.
1932 2027 26 37 On
1997 2027 104 38 cherche
2140 2028 19 37 de
2198 2028 130 38 nouvelles

1271 2061 88 41 salles.
1387 2061 19 41 Le
1444 2062 44 41 free
1522 2062 63 42 jazz,
1613 2062 179 43 décidément,
1821 2063 91 43 trouble
1946 2063 10 44 le
1997 2063 119 45 sommeil
2144 2063 19 46 de
2201 2064 47 45 bien
2289 2064 37 46 des

1267 2098 87 44 gens..

1268 2228 91 46 Roland
1395 2223 47 52 Kirk
1478 2226 29 49 n’a
1543 2230 39 46 rien
1618 2225 73 51 perdu
1727 2232 18 44 de
1781 2232 18 45 sa
1838 2226 58 51 force
1936 2228 123 50 créative,
2087 2241 18 37 de
2142 2241 36 37 son
2217 2229 116 50 indomp¬

1268 2274 56 38 table
1365 2275 77 38 drive,
1471 2275 19 38 de
1528 2276 37 38 son
1602 2276 137 39 effrayante
1779 2277 58 39 force
1877 2278 123 39 nerveuse
2038 2279 18 39 et
2089 2279 165 40 musculaire.
2284 2281 10 39 Il
2324 2281 0 39 a

1271 2309 81 45 donné
1384 2310 9 38 à
1422 2310 132 44 l’O.R.T.F.
1582 2312 19 38 un
1642 2312 103 47 concert
1774 2313 37 46 qui
1843 2314 0 45 a
1880 2314 92 45 surpris
2009 2315 91 44 comme
2141 2316 35 43 une
2217 2317 114 42 tornade.

1271 2346 0 36 A
1310 2346 8 37 la
1354 2347 143 37 clarinette,
1526 2348 34 37 car
1594 2349 86 37 Roland
1719 2349 0 37 a
1756 2350 65 37 joué,
1849 2350 79 38 aussi,
1956 2351 19 37 de
2014 2352 8 36 la
2058 2352 146 38 clarinette,
2230 2353 11 37 il
2269 2354 0 36 a
2306 2354 18 37 un

1269 2380 35 39 son
1340 2381 87 39 encore
1463 2381 47 39 plus
1545 2382 52 39 gros
1633 2382 38 39 que
1707 2383 63 38 celui
1797 2384 109 38 qu’avait
1937 2384 95 39 Bechet
2060 2385 38 38 sur
2128 2386 8 37 le
2172 2386 74 38 même
2284 2387 44 37 ins¬

1267 2415 131 48 trument!

1270 2461 19 41 En
1332 2461 120 46 première
1493 2462 72 44 partie
1606 2462 9 44 le
1659 2462 69 43 grand
1772 2463 125 42 orchestre
1945 2464 131 40 organisé,
2111 2464 9 39 à
2155 2464 56 39 cette
2255 2465 76 37 occa¬

1266 2496 65 37 sion,
1359 2497 36 37 par
1426 2497 62 38 Slide
1524 2498 118 38 Hampton
1681 2499 0 38 :
1715 2499 129 40 Vaneyck,
1874 2500 157 41 Verstraete,
2062 2501 87 41 Gérard
2188 2502 17 41 et
2236 2502 84 42 Guérin

1268 2532 181 45 (trompettes)
1493 2533 58 39 Slide
1602 2533 144 48 lui-même,
1790 2533 133 48 Paquinet,
1964 2534 102 47 Charles
2121 2534 140 47 Verstraete
2315 2535 18 46 et

1268 2569 163 46 Katarzinsky
1476 2569 188 47 (trombones),
1702 2569 104 46 Steckar
1848 2569 90 45 (tuba),
1977 2569 125 44 Arvanitas
2147 2569 111 42 (piano),
2293 2569 24 40 J.F

1267 2609 96 36 Catoire
1401 2609 201 36 (contrebasse)
1635 2609 18 36 et
1688 2609 82 36 Arpino
1810 2609 140 37 (batterie).
1983 2609 18 37 En
2041 2609 46 37 plus
2125 2609 38 37 des
2199 2609 43 37 très
2280 2609 53 37 bril¬

1266 2639 76 38 lantes
1380 2640 156 39 prestations
1574 2641 21 38 du
1633 2641 53 39 chef
1721 2642 173 41 d’orchestre,
1924 2643 20 40 de
1985 2643 86 41 Guérin
2109 2644 17 41 et
2162 2644 173 43 d’Arvanitas,

1269 2676 8 37 à
1305 2676 68 37 noter
1404 2676 36 38 une
1479 2676 56 38 série
1575 2676 19 38 de
1631 2676 126 39 superbes
1793 2676 124 39 choruses
1953 2676 36 40 sur
2023 2676 8 40 le
2071 2676 64 40 blues
2174 2676 37 41 par
2244 2676 85 41 Katar¬

1268 2712 78 38 zinsky
1383 2713 20 37 en
1444 2713 86 39 grande
1570 2714 69 39 forme
1679 2715 17 38 et
1728 2715 37 39 une
1806 2716 138 39 excellente
1984 2717 69 39 partie
2093 2717 20 40 de
2153 2718 170 41 contrebasse

1271 2747 57 47 dont
1358 2747 20 43 un
1414 2748 51 40 long
1505 2748 46 41 solo
1592 2749 20 41 de
1652 2749 70 42 forme
1762 2749 43 44 free
1845 2750 37 44 par
1919 2750 114 46 Catoire,
2066 2751 57 46 dont
2153 2751 30 47 les
2223 2751 100 49 progrès

1266 2782 56 41 sont
1350 2783 154 47 stupéfiants

1266 2842 52 40 John
1355 2843 118 40 Surman,
1502 2844 66 40 Barre
1608 2844 95 41 Phillips
1740 2845 17 41 et
1789 2845 34 41 Stu
1863 2846 81 41 Martin
1984 2847 37 41 ont
2053 2847 83 42 donné
2168 2848 17 42 un
2225 2848 104 43 concert

1268 2881 18 35 au
1320 2881 86 36 Centre
1443 2881 115 37 Culturel
1584 2882 135 37 Américain
1756 2882 20 37 de
1814 2882 8 38 la
1857 2882 31 38 rue
1926 2882 20 39 du
1983 2882 112 39 Dragon,
2124 2883 57 39 dont
2210 2883 117 40 l’activité

1268 2916 118 46 musicale
1435 2916 35 46 est
1511 2916 258 46 merveilleusement
1811 2917 90 45 animée
1953 2917 35 45 par
2033 2917 59 45 notre
2145 2918 45 44 ami
2228 2918 104 44 Gabriel

1267 2950 75 39 Koffi.
1373 2951 38 39 Les
1452 2951 53 40 trois
1543 2951 131 42 hommes,
1706 2952 18 42 en
1765 2952 101 43 parfaite
1906 2953 195 45 communauté,
2135 2954 16 45 ...
2170 2954 19 45 on
2233 2955 97 46 devrait

1269 2987 40 51 dire
1350 2987 157 50 communion
1552 2988 143 53 d’esprit...,
1732 2989 36 54 ont
1801 2990 140 53 improvisé
1978 2990 47 50 plus
2070 2991 66 52 d’une
2176 2991 70 49 heure
2290 2992 37 43 sur
