2480 3508
103 216 357 54 JAZZ AU MARCHÉ

101 315 1072 51 Centre Saint-Jacques, Metz, du 23 novembre au 4

99 350 211 49 décembre.

105 393 1068 53 Le programme a donc été suivi, et l’opération a réussi: on a

103 430 1068 55 faire jouer du jazz au « Centre Commercial et Culturel (?)

105 473 1068 45 Saint-Jacques», à Metz, une semaine après l’ouverture de

103 510 1066 49 celui-ci, et aussitôt après la clôture des “ Rencontres inter¬

105 551 1066 47 nationales de musique contemporaine» La sonorisation géné¬

101 586 1068 45 rale irrigant le moindre recoin de l’ensemble s’est tue, plu¬

105 625 1068 47 seurs fois par jour, a cessé de distiller des rengaines insipides

103 662 1068 49 et des pince-fesses en musique préfabriquée, pour laisser la

101 697 1070 53 place à (Dixit le quotidien local !): « cet instrument de percus¬

103 736 1068 47 sion qu’est le piano» et la « façon brutale » d’en jouer, « très

101 773 400 49 en voque avant 1939 ».

99 820 807 51 Quelques instantanés, pris sur le vit et en vrac

142 871 1020 54 Des boogies à quatre mains ou « The Entertainer » (alias

103 914 1064 44 la musique de l’Arnaque... ») faisant un malheur, et provo¬

99 951 1068 46 quant de gros attroupements — bouchons dans un des princi¬

99 990 1068 50 paux couloirs de circulation du Centre... Des enfants piaillant,

101 1027 1066 50 courant partout, bruyamment, et pensant tout haut : « Il joue

101 1064 1068 50 n’importe quoi!» Des jeunes gens, écoutant un guitariste en

103 1101 1068 48 tio, esquissant un pas de rock, puis commentant savamment

101 1142 1070 46 un blue de Barney Kessel: « C’est bizarre, tu trouves pas? ca

101 1182 1066 47 doit être du jazz-rock!» ou, réclamant : « Un boogie !... » Enfin,

101 1216 1070 50 et surtout : Martial Solal, qui se sentait piégé en débarquant

99 1255 1070 46 du train, et ne fait preuve que de très peu d’enthousiasme en

103 1294 1066 44 voyant l’état des lieux, devant même subir les aboiements obs¬

101 1331 1066 46 tinés d’un chien, après un magnifique «Round’about Mid¬

103 1368 1066 48 night» (réponse du propriétaire du chien: « C’est pas de sa

101 1407 1070 46 taute, il aime pas le jazz »)... Daniel Humair, heureusement de

101 1442 1072 50 bonne humeur, riant de voir un petit bonhomme rougeaud

99 1481 1070 48 (peut-être ivre) bondir sur le podium, et beugler une rengaine

101 1520 1068 50 idiote... Des pianistes officiant en solo (radicalement étrangers

105 1557 1064 50 à l’esprit de John Cage ou de Stockhausen) compromis pen¬

101 1594 1068 48 dant plusieurs minutes par une scie électrique terminant la

103 1631 1068 50 finition du faux plafond, et devant jouer à tout prix, « jusqu’à

101 1674 860 48 plus-soif », pour boucher les trous du programme.

101 1722 1072 45 On pourrait citer de nombreux aspects négatifs, et d’autres

101 1759 1070 49 anecdotes presque drôles, survenues tout le long des deux

103 1800 1070 43 semaines de ce mini-festival. « l’animation Jazz», n’ayant pu

101 1831 1072 51 se dérouler, comme prévu, dans la salle de spectacle de 220

101 1872 1070 51 places, non terminée à temps pour le jour de l’inauguration

99 1911 1068 51 (une semaine avant la venue du président de la République).

99 1950 1070 45 elle a du être assurée au milieu des vastes couloirs aux pla¬

101 1985 1066 55 tonds trop bas, grouillant de foule, endiguée par des barrières

103 2022 1068 53 de fer !... Il a parfois été difficile de voir et d’entendre qu’il

101 2059 1068 51 s’agissait de concerts de jazz de qualité, et non d’une pure et

101 2100 1070 47 simple « Animation sur les Lieux de Vente», chère à tous les

101 2137 1070 53 super-hyper-marchés, où les Pères Noël sévissent comme les

99 2173 1072 56 Guy bux en tout genre !... Néanmoins, il faut reconnaître, car

101 2215 232 49 c’est certain:

101 2262 1072 47 — Que, pendant deux semaines, de véritables amateurs et

99 2301 1072 49 admirateurs sont venus régulièrement écouter et complimenter

101 2344 1070 43 des musiciens talentueux, ne devant souvent rien au tout-puis¬

99 2377 756 49 sant et sacro-saint Conservatoire Municipal

103 2430 1072 45 — Que les braves familles provinciales ont pu, tout en faisant

101 2465 1070 51 leurs emplètes, découvrir que le » djaâzz» existe, qu’il est bien

99 2504 994 50 vivant, et qu’il ne survit pas seulement dans la mode rétro.

101 2547 1070 58 Ont pu, ainsi, se faire connaître et admirer du (grând) public,

99 2592 1070 52 les personnes dont les noms suivent; en majorité des

101 2631 1072 46 musiciens régionaux talentueux, ayant surtout la grande

99 2671 614 45 qualité de ne pas être Parisiens:

97 2714 1074 53 Piano solo : Francis David, Gilles Blandin, Claude Baro, Jean¬

99 2757 519 49 Pierre Mahou, Jean Mirandola.

97 2804 1074 47 Traditionnal Jazzband : Bernard Delobel (piano). Jean¬

97 2845 1074 47 Claude Riff (clarinette), Jean-Jacques Nicholay (trombone), in¬

97 2882 425 54 connus (banjo) (batterie).

99 2927 1076 50 Quartet Gilbert Gianesini : G. Gianesini (sax-ténor), Chris-

101 2974 1072 44 tian Jacob (piano), Guy Schneider (contrebasse), Claude Mi¬

97 3007 211 46 randola (tp).

99 3057 1072 49 Trio Denis Moog : D. Moog (quitare acoustique, électr.), Jac¬

97 3096 831 53 ques Moog (contrebasse), Francserrier (batterie)

97 3147 1076 49 Francis David, terminant ses études de médecine, est le pia¬

101 3188 1072 45 niste permanent d’une formation regroupée à Strasbourg, du

99 3227 1074 45 nom de « Jazzbox», qui a le mérite de se consacrer exclusive¬

95 3254 1078 66 ment au be-bop et au jazz moderne. Il a donc présenté, seul

2041 87 335 63 CONCERTS

1306 859 1076 53 au clavier, un répertoire actuel, sans, malheureusement, ren¬

1308 902 1072 45 contrer beaucoup de succès : deux jeunes filles ont, notam¬

1308 941 1072 47 ment, déclaré qu’elles préféraient le ragtime (à Monk); son

1310 976 1072 49 concert, malgré tout, a été de très haut niveau : le grand

1308 1015 1074 49 moment a été My favorite Things... et Night Train, plus

1308 1058 125 47 bluesy.

1306 1103 1078 46 Gilles Blandin a été une sorte de révélation: tout le monde a

1308 1143 1074 51 pu constater que malgré le trac du premier concert public, on

1308 1181 1076 52 peut très bien, à 19 ans, jouer dans le style d’Art Tatum, des

1310 1220 1074 52 vieux standards, des boogies bien carrés et même des rags

1310 1262 926 45 ciselés.. le tout, servi par une technique remarquable.

1308 1307 1076 47 Jean-Pierre Mahou (plus connu dans la région sous le nom

1310 1344 1070 49 de Jean-Pierre Sauray) musicien professionnel, est chargé des

1312 1379 1070 49 « cours de jazz» au Conservatoire de Metz; affirmant récem¬

1306 1412 1076 53 ment que «. les élèves des cours de jazz devront retourner

1308 1455 1072 53 aux bases de la technique, sans laquelle la création, l’improvi¬

1308 1496 1072 51 sation, sont choses vaines: nombre de jazzmen, aujourd’hui,

1310 1533 1072 47 sont conscients qu’une base plus solide aurait pu leur permet¬

1310 1568 1072 53 tre d’aller bien au-delà de leur recherche présente... », il a été

1312 1609 1070 51 un des premiers ravis de voir Martial Solal se déplacer de

1310 1650 1070 49 Paris. Préférant jouer en trio ou en quartet pour recréer,

1308 1685 1074 47 rejouer, Oscar Peterson, Bill Evans, Chick Corea, il a néan¬

1306 1724 951 49 moins accepté de se produire en solo à Saint-Jacques.

1308 1773 1076 45 Jean Mirandola, peut-être le doyen de ce festival, est, de

1308 1810 1074 49 l’avis de Gilbert Gianesini, « sans doute le meilleur pianiste de

1308 1847 1072 49 la région..» gagnant sa vie en faisant joyeusement danser les

1308 1888 1074 45 Messins sur de vieux airs communs aux deux côtés de la fron¬

1308 1923 1072 49 tière, dans une des brasseries locales... et s’enhardissant par¬

1308 1960 1074 53 fois, à jouer, dans ces lieux par surprise, du jazz du meilleur

1308 1997 164 51 tonneau!

1308 2046 1076 49 Denis Moog, jeune employé des PTT., a été forcé, du fait

1308 2089 1074 46 d’une mauvaise acoustique, de présenter exclusivement à la

1312 2130 1070 44 quitare électrique un excellent choix de bossas-novas et de

1308 2165 590 46 standards (Desafinado, So what...).

1306 2210 1076 52 Francis Serrier, géomètre, de profession, et apparemment.

1308 2252 1072 49 un des meilleurs batteurs et percussionnistes de la région, a

1308 2287 1074 51 été heureux, en écoutant Daniel Humair, le dernier jour, jouant

1308 2326 1072 49 sur sa batterie prêtée pour l’occasion, de constater que le

1310 2367 1033 47 Grand Suisse l’avait influencé encore plus qu’il ne le croyait.

1308 2414 1074 53 Le pays lorrain pourrait être fier de posséder dans ses rangs

1308 2453 1074 53 musicaux un grand saxophoniste, entendu trop rarement en

1308 2494 1072 47 concert dans l’Est, dont il est pourtant originaire; considéré,

1308 2529 1072 51 paraît-il, par Kenny Clarke comme un des grands musiciens

1312 2570 1068 49 français qui l’ait étonné, Gilbert Gianesini a été, entre autres,

1310 2605 1064 49 le sideman ou le compagnon de bœuf de J.-F. Jenny-Clarke

1306 2644 1076 49 Aldo Romano, Siegfried Kessler, Didier Levallet et Jacques

1308 2681 1074 49 Vidal... à Metz comme à Paris. Il enseigne la flûte au Conserva¬

1308 2720 1076 49 toire de Metz depuis 1970, et vient d’y créer un cours de jazz

1308 2759 1072 47 avec J.-P. Mahou. Il est regrettable que son dernier concert à

1310 2796 1072 49 Saint-Jacques n’ait pu se dérouler dans des conditions

1310 2833 148 51 idéales..

1306 2878 1078 51 En ce qui concerne l’apothéose finale : le concert des vedet¬

1308 2919 1074 49 tes invitées, on peut dire qu’elle a été un duo extraordinaire de

1310 2960 1072 47 cohésion et d’entente réciproques, une sorte de re-trouvaille

1308 2999 1076 51 pour deux complices, rappelant qu’ils avaient joué plus de dix

1312 3040 1072 43 ans ensemble... Solal a, malheureusement, été quelque peu

1310 3077 1072 43 écrasé, acoustiquement, par la puissante finesse d’Humair; ce

1308 3112 1072 45 dernier a incontestablement tenu en haleine et même épous¬

1310 3143 1072 59 touflé, convaincu les plus sceptiques et les plus réfractaires au

1308 3186 1074 58 jazz, en un rien de temps : la batterie, est, hélas, un instrument

1310 3221 548 80 plus spectaculaire que le piano

2070 3258 316 82 Pierre Cressant

2331 3313 47 58 31
