2480 3508
113 171 1089 55 Capito! T 1985 : Adventures in Blues - Solistes : Gene Rolland,

111 214 883 47 Dee Barton au trombone, Marv Stamm, Gabe Baltazar.

113 251 1095 56 l’ai du mal à donner un avis sur cet album qui a mon sens n’est

113 298 1088 52 pas aussi essentiel qu’on a bien voulu le dire. L’orchestre sonne

116 329 1081 52 de la même façon que d’habitude, mais avec moins de chaleur.

113 366 1089 51 lustement le genre de disque qui pourrait être un bon argument

111 405 721 47 pour les détracteurs de Kenton! 3 étoiles.

115 446 1091 50 Capitol T 1609 : West Side Story -Solistes : Conte Candoli, Gabe

115 485 664 47 Baltazar, Sam Donahue, Bob Fitzpatrick.

115 520 1087 45 Tous les arrangements sont de lohn Richards. Cet album a été

115 551 1084 55 plus fraichement accueilli par la critique, alors qu’à mon avis il

116 590 1085 49 était nettement supérieur au précédent. A noter l’arrangement très

115 629 522 43 original sur America! 4 étoiles.

116 668 1085 49 Capitol T 1394 : Standards in silhouette - Solistes : Rolf Erickson,

118 705 800 49 Don Sebesky, Archie Lecoque, Charlie Mariano.

116 740 1086 47 Tous les arrangements sont de Bille Mathieu. C’est un magnifique

116 771 1085 55 album de ballades pour lequel je suis en contradiction sur ce qui

116 808 1081 49 a pu être écrit à son sujet. C’est du grand Kenton avec une écri¬

115 849 883 43 ture assez savante et toujours mélodique. 4 étoiles.

116 882 1079 57 Capitol T 1166 : The stage door swings - Broadway - Solistes

116 931 1085 47 Archie Lecoque, lacques Sheldon, Lennie Niehaus, Bill Perkins;

116 968 523 43 Arrangements : Lennie Niehaus.

115 993 1087 51 Recueil de standards très certainement enregistré pour des raisons

118 1034 1083 51 alimentaires. Arrangements assez conventionnels sur des thèmes

116 1069 1083 53 archi connus. Se détachent » I love Paris » et « Lullaby of Broad¬

116 1105 765 48 way » de facture plus originale. 3 étoiles 1/2

116 1140 1090 60 Capitol W 724 : Stan Kenton Hl-Fl - Solistes : Kent Larsen, Carl

115 1182 746 51 Fontana, lack Nimitz, Vido Musso, Mel Lewis

116 1225 1086 55 Excellent album enregistré en 1956. C’est probablement un des

116 1266 1086 49 meilleurs orchestres que Kenton ait dirigé, du moins sur le plan

118 1299 1083 53 du personnel. « Lover », arrangé par Pete Rugolo, est un des

115 1336 1086 47 meilleurs titres du disque. On y retrouve également le fameux

120 1368 1081 46 « Peanut Vendor » arrangé par Kenton lui-même, ainsi que « Artis¬

115 1407 436 50 try Jump’s ». 4 étoiles 1/2

113 1440 1086 60 Capitol STCL 575 : Adventures in lazz - Solistes : Dam Donahue,

116 1490 402 41 Dee Barton, Marv Stam.

115 1522 1087 44 On y retrouve Dee Barton comme arrangeur et au trombone. Cet

118 1561 1083 46 album est de la même classe que le ST 2932. « Waltz of the pro¬

116 1594 1085 52 phets » et « Turtle Talk » me paraissent les pièces les plus inté¬

113 1627 401 56 ressantes. 4 étoiles 1/2

115 1674 754 50 Capitol T 2327 : Greatest Hits (1943 - 1947 ).

115 1711 861 48 Capitol T 20841 : The Great Biq Band (1950 - 1956).

115 1754 885 46 Capitol 5C 952 80 799 : Classic vol. 2 (1946 - 1965).

113 1789 563 54 Capitol T 20395 : Big Band x 4.

115 1841 1089 51 Il s’agit ici de quatre anthologies regroupant des œuvres de Kenton

115 1880 1087 47 enregistrées entre 1943 et 1965. Le premier disque correspond

120 1921 1082 45 à la première période de Kenton et montre à quel point il était

115 1950 1087 49 en avance sur son époque. Personnellement, je suis moins inté¬

118 1985 1083 49 ressé par cette période de Kenton (3 étoiles). Les quatorze titres

115 2022 1082 45 du second volume ont été merveilleusement bien choisis et corres¬

116 2061 1083 47 pondent pour moi à la meilleure période Kenton (5 étoiles). Pour

115 2093 1082 48 le troisième LP, je suis beaucoup moins d’accord avec le choix

116 2132 1081 42 des titres peu intéressants (3 étoiles). Les quelques titres du der¬

113 2165 1084 48 nier album sont tous excellents. On peut d’ailleurs remarquer que

115 2198 1080 51 l’orchestre dirigé par Bill Hollman est en fait celui de Kenton,

113 2237 181 50 (5 étoiles).

113 2278 1088 45 En ce qui me concerne, tous les albums de Stan Kenton me

115 2315 1084 50 semblent indispensables. Bien qu’ayant noté inégalement ceux

113 2348 1084 47 cités plus haut, je trouve qu’ils représentent tous la personnalité

115 2387 1084 45 de Kenton, laquelle se détache de façon remarquable par rapport

115 2422 1082 43 aux autres big band que nous connaissons. En fait, on peut peut¬

113 2455 1084 53 être comprendre (personnellement, je ne comprends pas !!!), le

113 2490 1086 49 manque d’enthousiasme d’une certaine critique, par rapport au jazz

113 2529 1086 47 en général, mais par contre on ne peut nier l’importance de Stan

113 2560 1086 51 Kenton sur le plan orchestral, de l’arrangement de l’écriture en

113 2599 1086 43 général. Il faut aussi remarquer le coté chercheur de Kenton et le

116 2636 1081 45 fait que ses orchestres ont toujours été les réservoirs de nom¬

113 2668 1084 52 breux et excellents (plus ou moins connus) musiciens aux Etats¬

113 2707 85 52 Unis.

850 2740 345 54 Claude CAGNASSO.

1319 181 453 124 concert.

1427 397 844 51 JOHNNY GRIFFIN A LA GAIETE-MONTPARNASSE

1306 489 1086 48 Le quatrième concert de jazz mensuel organisé par notre collabo¬

1306 530 1084 42 rateur et ami Maurice Cullaz, dans les perspectives de la nouvelle

1306 563 1086 47 émission de Françoise Vincent-Malettra et Eve Grilliquez: « Libre

1306 598 1082 47 Parcours-Récital », a eu lieu, comme d’habitude, au Théâtre de la

1306 637 1090 52 Gaieté-Montparnasse, 26, rue de la Gaieté (métro : Edgar Quinet

1306 676 185 43 ou Gaieté).

1304 746 1090 62 Au programme le quartette de Johnny Griffin, avec Kenny Drew,

1306 800 415 43 Alby Cullaz et Art Taylor.

1306 838 1086 52 Johnny Griffin avait voulu “ mettre toute la gomme » et avait

1308 873 1084 50 demandé au pianiste de venir, spécialement pour l’occasion, de

1306 912 1086 52 Copenhague, où il réside. Fort heureusement, Art Taylor venait de

1306 951 370 48 rentrer des Etats-Unis.

1308 990 1086 50 Il nous semble que si Griffin a joué, parfois, aussi bien, il n’a

1308 1029 1086 48 jamais mieux joué qu’au cours de ce concert. Kenny Drew est

1306 1064 1086 46 toujours un des quatre ou cinq meilleurs pianistes de jazz actuels.

1306 1095 1084 48 Art Taylor a beaucoup progressé depuis son récent et long séjour

1308 1134 1086 48 aux U.S.A., où il a eu l’occasion de se produire avec les plus grands

1306 1173 323 50 jazzmen du moment.

1306 1206 1090 54 Quant à Alby il est toujours le contrebassiste à la volumineuse et

1306 1245 1084 51 moelleuse sonorité, à l’impeccable justesse, au drive irrésistible —

1306 1282 1086 51 qualités qui en on fait le favori de la plupart des musiciens améri¬

1306 1317 1086 49 cains se produisant en France. Une musique ardente, solide, ins¬

1304 1354 1088 51 pirée qui tint en haleine un nombreux public et qui valut aux quatre

1306 1393 889 47 musiciens une interminable ovation et plusieurs rappels.

1304 1434 1090 53 Les concerts de la Galeté-Montparnasse ont lieu mensuellement, un

1306 1473 528 47 des samedis du mois, à 18 h 30.

1306 1514 1088 47 Une partie de la musique enregistrée est diffusée, sur » France¬

1306 1551 1086 47 Culture », le mardi suivant, entre 17 h 15 et 17 h 45. Une autre

1306 1586 1086 49 partie de la musique enregistrée est diffusée le jeudi suivant, tou¬

1306 1623 1012 54 jours sur « France-Culture», de minuit à une heure du matin.

2314 1654 74 51 P. C.

1483 1787 733 46 TROIS CONCERTS ET UNE CONFERENCE

1337 1822 1029 52 AU CENTRE CULTUREL AMERICAIN DE LA RUE DU DRAGON

1304 1907 1088 55 Gabriel Koffi, l’infatigable animateur du Centre Culturel Américain

1306 1952 1084 47 de la rue du Dragon avait organisé, pendant la première quinzaine

1306 1989 1086 45 du mois de janvier, deux concerts et une conférence. De son côté

1308 2022 1084 49 lames Campbell, animateur de l’A.C.N.A., avait organisé un concert

1306 2059 1082 47 à la mémoire d’Eddy Gaumont, tragiquement disparu à la fin de

1304 2091 275 50 l’année dernière.

1304 2178 1088 49 C’est l’orchestre de Ambassadors que Gabriel Koffi a présenté,

1306 2213 1084 53 en premier, en ce début de l’année 1971. Cet orchestre à la musique

1306 2252 1084 53 très originale, s’inspirant autant des diverses traditions africaines

1304 2287 885 51 que des courants contemporains de la musique de jazz.

1304 2332 1088 51 Arrangements sobres mais efficaces, d’une belle couleur, et d’une

1304 2367 472 57 grande densité. Soli inspirés.

1306 2412 1084 49 L’orchestre se compose de Jo Maka, alto, soprano et baryton,

1304 2447 1086 47 Adolphe Winkler ,trombone, compositeur et arrangeur, Antoine

1306 2484 1080 47 Dessen, piano, Joel Gourvennec, contrebasse, Jean-Claude Jouy,

1308 2519 1082 53 batterie, Kino, percussion. En invité, le trompettiste africain Ray

1304 2553 146 48 Stephen.

1304 2590 715 56 Excellente soirée devant un nombreux public.

1300 2681 1092 55 Une semaine plus tard, Gabriel Koffi présentait Mal Waldron, Steve

1304 2728 616 51 Potts, Gus Nemeth et Jean-My Truong.

1304 2765 1086 51 On connait Mal Waldron, un des grands pianistes de jazz, qui

1306 2808 1082 41 s’illustra, notamment, aux côtés de Dolphy, de Booker Little, de

1304 2835 1080 49 Billie Holiday, et qui a enregistré pour notre ami Gérard Terronès.

1304 2872 1084 53 Steve Potts est parmi les jeunes Américains celui dont le talent

1306 2915 1084 45 semble le plus prometteur. Gus Nemeth est un très bon contrebas¬

1302 2946 1086 49 siste. Jean-My Truong fort doué, eut, cependant, le tort de jouer

1304 2981 1084 53 trop fort et de vouloir se mettre trop en avant, pendant une partie

1302 3014 1086 53 du concert, au lieu d’accompagner. C’est un petit défaut dont il

1306 3053 1082 53 saura se défaire. — défaut qui est celui de maints jeunes drum¬

1302 3092 92 47 mers.

1302 3178 1088 51 Le Synchro Rhythmic Eclectic Language est le nom que le jeune

1302 3215 1086 49 et talentueux Eddy Gaumont avait donné à la formation qu’il diri¬

1300 3250 593 70 geait, jusqu’à sa tragique disparition.

111 2814 602 74 A deux pas du Panthéon

163 2921 985 142 JAZZ & POP CENTER

165 3063 991 68 ENVOIS PAR CORRESPONDANCE

161 3114 507 72 3. RUE CLOTAIRE

861 3122 232 60 PARIS-V

163 3196 533 64 " qui part de la Mairie du Ve

859 3190 287 76 tél.. 325-13-88

113 3313 54 46 22
