2480 3508
97 179 1086 49 L’orchestre se compose de Dominique Gaumont à la quitare (Domi¬

97 214 1084 49 nique et le jeune frère d’Eddy), de Jean-Louis Bucky au piano et

97 253 1086 49 piano électrique, de Louis Xavier, contrebasse et guitare-basse,

99 288 1082 47 de Yanick Tritz, timbales, de Georges Pastel, conga, et de lean¬

97 315 1082 53 Claude Antoinette, tambour N’Goka. Jo Maka, Adolphe Winkler et

99 354 1082 53 Jean-Claude Jouy, membres de l’orchestre des Ambassadors,

99 393 448 51 s’étaient joints à l’orchestre.

95 432 1088 51 Un Sound fort original et intrigant, des ensembles à la fougue peu

97 473 1082 47 commune, de très bons soli soulevèrent l’enthousiasme d’un nom¬

97 508 214 57 breux public.

95 551 1086 47 Dans des soli démentiels, très proches de l’esprit de ceux que fai¬

97 584 1086 51 saient Jimi Hendrix, le jeune et prodigieux Dominique Gaumont

97 625 1076 47 rendit à la mémoire de son frère Eddy un très émouvant hommage —

95 660 1084 49 hommage auquel s’associèrent les talentueux musiciens de l’or¬

95 695 1084 49 chestre. Retenez bien leurs noms car ils feront sûrement parler

97 732 101 43 d’eux.

95 771 1088 45 Pour terminer, indiquons encore que notre ami et collaborateur

99 812 1082 43 Maurice Cullaz a fait, au Centre Culturel Américain de la rue du

97 849 1084 45 Dragon, devant un public de connaisseurs une causerie sur les

97 884 485 49 spirituals et les gospels songs.

97 919 1082 55 En première partie la chanteuse Marva Broome (dont les premiers

99 962 1076 47 « fans », dès son arrivée à Paris, furent Steve Lacy, Steve Potts

95 990 1082 52 Roben Kenyatta, Hal Singer, etc.) accompagnée par Robert Pons

95 1027 1080 48 au piano, Pancho à la contrebasse et Kenneth Tayler à la batterie.

103 1066 1076 48 Il y a longtemps que nous n’avions eu le plaisir d’entendre une

97 1105 1082 48 aussi bonne chanteuse, aussi à l’aise dans la ballade et dans le

101 1140 1072 58 « tube » à la mode, que dans les blues, le rhythm and blues et les

97 1177 158 46 spirituals.

832 1196 310 78 Pierre CRESSANT.

432 1319 408 101 CONCERTS

596 1418 100 49 PARIS

128 1432 1026 70 Jusqu’au, 12 février : au Cinéma Palace, 8. Fo Poissonnière (tél. PRo

126 1483 1020 44 44-37) : New Jazz au Palace avec alternativement Anthony Braxton Orch.

124 1508 1024 47 Steve Lacy, Sonny Murray (et ses enfants), Robin Kenyatta. Arthur Jones

128 1535 1016 45 François Tusques' International Music, Andrew Jackson Big Band, etc

130 1563 1014 46 Tous les jours à 20 h 30, sauf vendredi et samedi: 20 h et 22 h e

125 1587 486 50 dimanche matinée à 16 h en plus

136 1617 579 45 4 février : Salle Wagram : Gato Barbieri,

134 1652 1022 49 5 février: O.R.T.F. (Salle 105): à 18 h : Barney Wilen et Charlie

286 1681 567 47 Mariano, Barre Philips, Oliver Johnson,

136 1709 790 54 6 février: Salle Pleyel: Stan Kenten et son orchestre.

137 1742 719 52 8 février. OR.TF. (Salle 104) Bill Evans à 18 h.

128 1800 992 62 19 février. OR.TF. (Salle 105) : Joachim Kohn, et trio Howard Riley

130 1777 838 49 19 février. OR.TF. (Salle 105) : Joachim Kohn, et trio Howard Riley

124 1841 940 61 24 février : Salle Chopin : Milt Buckner, Jo Jones à 19 h et 22 h

134 1921 476 55 6 février: Frick et les Swingers.

428 1894 427 45 AU MUSEE D'ART MODERNE

128 1964 546 45 13 février : Jam Session internationale.

128 2001 355 51 20 février : Mal Waldron.

124 2036 650 49 27 février: La Horde Catalytique pour la fin

138 2120 647 53 9 février à Nanterre: Le Cohelmec Ensemble

567 2089 160 46 BANLIEUE

134 2153 1012 49 18 février à Colombes au Théâtre de Colombes: Les Swingle Singers

292 2184 226 51 (Tel.: 182-42-70)

120 2219 1038 45 24 février à Orsay à la Fac des Sciences : High Society Jazz Band et

290 2252 203 45 Sharkey & Co

124 2284 1026 52 26 février à Orly au Gymnase Marcel Cachin: J.C. Jouy Quintette. Micky

286 2317 862 47 Baker Quartette, Georges Arvanitas trio, etc. (Inf. MIC¬

282 2342 211 49 orly 238-11-28).

126 2381 1022 49 25, 28. 27: Colombes: 2e Festival Free Jazz à la M.I.C. de Colombes.

288 2410 852 45 14, rue Thomas-d’Orléans (Tél. : 782-92-70). Prix des places

283 2429 638 58 10 F et 8 F (étudiants) : abonnement 18F.

280 2475 722 48 Avec le 25 : Mal Waldron trio et Anthony Braxton

284 2512 507 48 26 : Robin Kenyatta et Alan Shorter.

284 2545 626 50 27 : Siegfried Kessler trio et Gato Barbieri.

290 2578 858 56 Le 26. à 17 h 30 : film de jazz et exposition permanente

284 2613 355 45 de photographies de jazz

128 2638 903 59 5 mars à Sceaux, à la MIC « Les Gémeaux » : Gato Barbiert,

551 2695 172 47 PROVINCE

138 2726 587 57 3 février à Poitiers : Le Dharma Sextette

132 2763 858 49 4 février à Rouen, salle Croix des Pelletiers : Frank Wright.

131 2785 655 50 7 février à Saint-Quentin“ Le Dharma Sextette

128 2812 813 50 1 février à Amiens, Maison de la Culture : Gato Barbleri

280 2844 65 73 tette.

125 2835 1012 62 6 février à Thonon (Maison des Arts et des Loisirs) (Le Dharma Sex

116 2888 854 58 22 février à Valenciennes (salle Turenne) : Milt Buckner, Jo

124 2923 831 49 4 février à Grenoble au Théâtre Municipal : Sharkey & Co

120 2960 788 51 METZ : CAT/4 Club : tous les samedis Jazz moderne.

118 2995 895 56 NANCY : La Commanderie : 23 février : Moving Gelatine Plate

128 3038 291 49 9-10 : Gato Barbieri.

120 3075 269 41 16-17 : Total Issue.

122 3106 320 51 23-24 : Robin Kenyatta.

120 3139 848 57 1er mars à Rennes, Maison de la Culture : Gato Barbieri,

128 3160 869 61 3 mars à Chatellerault Maison de la Culture Gato Barbieri

118 3229 1022 52 gala de l’E.S.C.A.E. d’Amiens et le 29 à Pleyel : Herbie Hancock Sextet

118 3200 1020 48 En mars: MJQ le 16 à Pleyel; Art Blackey et Jazz Messengers le 17 au

1290 163 540 168 actualité

1288 391 1084 45 * Au cours d’une conférence de presse tenue le 4 janvier, George

1286 426 1084 45 Wein a annoncé que le prochain « Newport Jazz Festival » se

1286 456 1086 52 tiendrait à New York du ’er au 9 juillet. Ce festival commencerait

1284 500 1088 45 par deux concerts à Carnegie Hall, suivis de deux concerts au

1286 537 1084 39 Lincoln Center. Une soirée sera consacrée au blues, un pro¬

1286 569 1084 48 gramme » soul » au Yankee Stadium, tandis qu’un concert sera

1288 610 1084 42 dédié à la mémoire de John Coltrane, d’autres à la musique

1286 639 1084 47 d’avant-garde ou au jazz traditionnel. Dans un but de décentrali¬

1288 676 1080 48 sation, ces manifestations seront organisées en des lieux et à

1286 715 1084 45 des heures différents, y compris des bals de minuit à l’aube à

1284 746 425 49 bord de bateaux fluviaux

1286 800 1084 55 * Duke Ellington et son orchestre effectuent actuellement une

1284 845 1086 45 tournée en Extrême-Orient et en Australie où Erroll Garner se

1284 880 613 49 rendra cet été pour la première fois.

1288 937 1084 54 * Le 4 février, Charles Minqus donnera son premier concert à

1284 978 1088 45 New York depuis dix ans, au Philharmonic Hall. Ce concert sera

1286 1015 1084 43 enregistré par Columbia et comprendra la première d’un concerto

1284 1048 1084 51 nouveau pour trompette, saxophone et orchestre. Les solistes en

1284 1083 601 51 seront Snooky Young et Lee Konitz.

1290 1142 1080 48 * Quincy Jones produira le prochain disque de Ray Charles. Le

1286 1181 1084 50 chanteur sera accompagné par un orchestre imposant composé

1286 1220 1086 44 entre autres de Ernie Royal, loe Newman, Freddie Hubbard, Hubert

1288 1253 1078 50 Laws, Jerome Richardson, Toots Theileman, Jim Hall, Chuck Rainey,

1284 1290 926 50 Eric Gayle, Ray Brown, Bob Cranshaw et Grady Tate..

1286 1346 1086 47 * Max Roach et Archie Shepp participeront à la saison 72 de la

1288 1389 1078 43 série de la Negro Ensemble Company : « Works in Progress »

1284 1422 1086 45 au St. Marles Payhouse de New York. Ces programmes compren¬

1288 1459 1084 41 dront 52 acteurs, 10 directeurs, 14 nouvelles pièces, 3 chorégra¬

1284 1492 1084 43 phes et 7 musiciens. Il y aura une soirée de danse et une soirée

1284 1527 991 59 consacrée à la musique, au cinéma et aux arts plastiques.

1286 1582 1082 49 * Free Exit, le groupe du batteur Ron Pittner, modifie sa compo¬

1284 1627 1084 47 sition. On y trouve toujours Claude Bernard à l’alto, Didier Levallet

1286 1664 1082 41 et Kent Carter (cello, b) et bien sûr Pittner (dr), ainsi que Steve

1284 1695 1082 45 Potts, sorte de membre honoraire de l’orchestre. C’est désormais

1288 1732 1082 47 le jeune pianiste français Gilles Tinayre qui remplace Rob Wood

1284 1769 677 49 (vb), qui a quitté définitivement le groupe.

1286 1828 1082 46 * Le festival de Besse-en-Chandesse s’est déroulé du 3 au 8 jan¬

1286 1865 1080 48 vier avec le succès habituel. Y ont participé les orchestres et

1284 1902 1080 46 artistes suivants : Virginia Vee, lrakli Jazz Band, Eddie Bernard,

1284 1933 1082 49 Stephane Grapelli, Xavier Chambon, Claude Guilhot, Les Haricots

1286 1970 1080 50 Rouges, lean-Claude Naude, Michel Roques, Claude Luter, François

1282 2005 1082 51 Biensan, Marie-France Anglade, Claude Bolling, Marc Lafférière.

1282 2040 1010 51 lvan Jullien, Benny Waters, Albert Nicholas et Bill Coleman.

1286 2100 1080 55 * De retour à New York, le pianiste et compositeur Randy Weston,

1284 2143 1080 41 qui vient d’enregistrer un disque pour CTI, s’est produit récem¬

1286 2176 1077 45 ment avec son nouveau trio « African Rhythms » au « Mikell’s »

1284 2215 441 45 et au « Top of the Gate »

1282 2266 1084 51 * Marion Brown, entouré ici par les instruments qu’il a construits

1282 2307 1082 45 depuis son retour aux Etats-Unis voici deux ans, professe actuel¬

1280 2340 1084 47 lement au Bowdin College. Il est aussi conférencier à l’Université

1280 2377 1086 49 donna un concert en compagnie de Leo Smith le 9 décembre.

1282 2418 1081 49 donna un concert en compagnie de Leo Smith le 9 décembre.

1280 2453 1081 59 Un concert au Bowdin College est en outre prévu pour avril.

2304 3315 59 50 23
