2480 3508
102 201 515 164 cabarets

81 377 348 64 PHIL AU· CHAT

81 458 1094 74 Phil Woods: saxophone-alto; Gordon Beck: piano; Ron Mat¬

81 505 819 62 thewson : contrebasse; Daniel Humair : batterie.

87 546 924 64 «Chat-qui-Pêche », première quinzaine de janvier 1972.

84 590 1088 70 Phil Woods a fait salle comble et a déchainé l’enthousiasme des

84 631 1088 64 auditeurs, au. Chat-qui-Peche », cabaret que des esprits un peu

87 666 1079 64 systématiques ont toujours décrit comme: « Le - club. où ne

84 698 1088 70 peuvent- se- risquer que- des musiciens - de couleur- améri¬

87 736 872 67 cains- pratiquant - le- free-jazz - ou -la - new-thing

87 777 1085 67 Serait-ce un signe de l'éclectisme d'un publie jeune qui viendrait.

87 818 1085 61 sans idées préconcues, pour écouter de la bonne musique, sous

87 853 1085 64 quelque étiquette qu’on puisse la classer? Un signe d’ouverture

87 888 1085 65 d’esprit ? Alors que, trop souvent, la jeunesse des auditeurs est

87 923 1085 68 en rapport proportionnel.. avec un certain sectarisme ou dogma¬

87 967 111 64 tisme

87 999 1085 70 La section rythmique réunte, ces dernters temps, par Phil Woods.

87 1040 1085 62 est certainement celle qui convient le mieux au saxophoniste.

87 1075 1085 62 Inutile de reventr sur les qualités de musicalité, de technique, de

87 1110 1085 65 clareté, de préciston, de rigueur et d’inttiatives qui sont celles de

87 1145 1085 65 Dante! Humair et de Gordon Beck. De son côté. Ron Matthewsor

90 1181 1082 67 est le contrebassiste idéal pour Phil. Ron est sans doute un des

87 1216 1085 64 meilleurs spécialistes de l'nstrument en Europe. Quant à Phil

90 1251 1082 67 c’est un des rares musiciens de sa géneration qui apporte, au fil

87 1289 1085 64 (sans jeu de mots) des mois et des annees quelque chose de

90 1324 1082 64 nouveau et qui, sans cesse, enrichit son jeu de nuances, de ten¬

87 1362 430 64 dances et d'idées neuves

877 1391 295 64 Maurice CULLAZ

93 1479 383 64 LE COHELMEC AU CAME

96 1558 1076 64 Jean Cohen (ts, ss, as); Evan Chandlee (fl, b-cl); loseph Dejean (e-g)

102 1599 1064 49 François Mechali (b); lean-Louis Mechali (dm); partois jeff Siccard (Ss)

96 1604 348 68 Camefeon debar ¡anbier

99 1637 1073 61 Le temps passe, les expérlences se succedent (entre autre celle assez spec

96 1660 1079 67 tacuifalte des Conce e l'gratutts danse les squares) la musique morte Se

99 1701 1073 50 Cohelmec d’origie subsiste le trio de base" Jean Cohen (la puissance)

96 1710 1082 70 Cencois Mechal (a siete) et son frère santouis (e deséduiible) Autoll.

96 1756 1076 50 de ce noyau, deux musiciens — ou plus — dont le rôle semble être d’ap

96 1762 1082 70 porter à la celfule-mere Gne maispensable sumulaton (smnon ine Vertable

96 1809 1076 50 remise en question), sous la forme de colorations sonores varlées. Les

96 1835 1076 50 membres du Cohelmec sont assez bon musiciens pour ressentir à un tres

96 1841 1082 73 pat point et depuss fort longtempe le besoin de structurer habilemen

99 1888 1076 56 leur discours: Ils sont en outre assez Intelligents pour eprouver la nécessite

99 1914 1076 53 d’intégrer à ce discours certaines oppositions /contradictions qui le main

96 1932 1076 61 dennent en vie, S'il faüt faire Un bllan, on regrettera que (nftuence de

96 1949 1082 73 SSlbry soit encore un pet trop marquante —par ntermediarre d'Evar

99 1996 1073 53 Chandlee, et spéctalement évidente lors des duos clarinette-basse/contre

96 2017 1076 58 basce e mals Von remarquera en revanche avec surprise que Dejean se

99 2049 1076 55 sort d’une vole sans issue (la démarquation du langage de Sharrock) pou¬

99 2078 1076 53 trouver peu à peu une verttable Identite. Siccard, quant à lui, de meme

99 2101 1079 56 que Gérard Coppéré, son ex-compagnon du Dharma Quintet, est un must¬

105 2131 1070 52 cien à suivre de tres pres; on regrettera d’autant plus que son intervention

96 2145 1079 62 Se trop courte pour permeitre un lugement nuancé Sur Son eu Quant au

96 2180 1082 56 trois autres. Ils ont montré à nouveau qu'ils comptent parmi les plus

99 2210 983 49 solides clents de la jeune géneration du jazz professtonnel français

930 2236 254 58 Laurent GODDET.

1675 184 266 111 RADIO

1678 309 284 65 ERANCE MUSIQUE

1658 347 327 68 LE MONDE DU IAZZ

1447 403 743 64 (Jeudis de 28 h à 24 h). Une émisston d’Andre Franci

1561 444 515 55 avec le concours de Lucien Malson

1318 479 305 58 3 février Bill Evans

1313 511 494 64 10 février John Coltrane (18) 1962

1310 549 336 61 17 févrer Rex Stewart

1307 578 708 70 24 fevrier lazz lournal, nouveautés et réedmtons

1316 622 383 59 2 mars Herbie Hancock

1716 692 217 65 1422 VIVANT

1307 748 1029 64 (Les dimanches de 19 h 35 à 20 h). Concerts présentés par André Francis

1316 786 810 64 6 févrer: Alan Silva 8 his Celestral Orchestra au IN.E

1307 821 1023 61 13 févner Guitar Workshop avec) Gourley. M. Baker, P. Cullaz, ). Bo

1473 859 857 53 nal. Ch. Escoude, Ph. Nedlar, R. Bont, 1 Dejean et G. Marats

1307 891 655 62 20 fevrer Omette Coteman et Sonny Murray

1307 926 588 62 27 fevrier Marttal Solal et Joachim Kunn

1631 999 384 68 JAZZ EN STEREOPHONIE

1555 1058 512 58 (Les dimanches de 19 h 35 à 20 h. 8.

1605 1096 26 20 S

1509 1084 622 64 Une émission présentée par André Francis

1318 1125 758 61 6 fevrer omette Coleman au TNP, et nouveautés

1310 1157 880 64 13 fevrier Trlo Damel Humair avec Phil Woods à la Blennale

1310 1198 862 61 20 février: Irio John Surman et Sextet Fritz Pauer à Vienne

1310 1233 766 62 27 fevner Grand orchestre de Buddy Rich au TNE

1687 1315 278 58 FRANCE CULTURE

1664 1347 324 62 CONNAITRE LE lAZZ

1535 1400 573 64 (Les dimanches de 23 h 20 à 23 h 80)

1602 1441 448 58 Une émission de Lucien Malson

1599 1473 442 55 Programmes non communiqués

1707 1546 237 61 FRANCE INTER

1687 1581 275 64 IAZZ SUR SCENE

1333 1634 980 64 (Tous les samedis de 23 h a 24 h) Une émisston d'André Francis.

1321 1669 500 67 5 février Dure Ellington au IN6

1316 1707 1026 67 12 tevrler Concert de lUE R avec 1-t Ponty. Wolfgang Dauner, Ray

1476 1745 345 52 Pitts et Pille Mikkelborg

1313 1765 1029 67 19 février Ornette Coleman au TNP. Pharoah Sanders au Festwva

1482 1809 108 53 de Nice

1310 1827 1026 70 26 fevrer Johnny, Grffin à Châteauvallon et le Tnio John Surman

1482 1870 106 59 Helsink

1722 1935 214 64 STRASBOURG

1567 1973 521 67 AZZ ET BLUES SELECTION (288 m)

1389 2025 862 68 (Tous les jeudis à 22 h 30) Une émisston de Léon Terjantar

1321 2069 489 62 3 février Blues, raretés en 78 t

1316 2101 435 65 10 fevner Sessions Swmo (3)

1316 2136 587 62 17 fevrier Transcriptions de l Lunceforo

1310 2174 409 65 24 tevrier Esqurre Concerts

184 2405 643 62 BOFINGER (place de la Republique), tes tun

181 2446 643 50 dis, mercredis et vendredis: le High Societ,

181 2476 143 49 Jazz Band

175 2496 646 61 CALAVADOS, 40, avenue Plerre-ler-de-Serble

175 2534 646 56 Paris-8e (225-95-38) Tous les sotrs: Joe Turner

178 2566 643 62 CAMELEON. 57, rue Saint-André-des-Arts. Pa

178 2598 649 56 Tis-6e (DAN 64-40), Mercredis et jeudis: Rou

175 2631 591 49 Pittner's Free Exit. Consommation 15 F

175 2654 646 67 CAVEAU DE LA HUCHETTE, 5, rue de la Ho

181 2692 632 50 chette Paris-Se (DAN. 65-05) Entrée

178 2709 643 62 Consommation à partir de 250 F. 1er au 10 fe

184 2727 640 70 CSaSorles Blaredis Rodgese 2 8 hay

181 2774 640 52 mond Fonsèque; 14, 15, 76: Xavier Chambon

187 2803 634 53 17 au 22" Les Mississipix: du 23 au

184 2826 260 56 vrer: Dany Doriz

175 2856 652 58 CAVEAU DE LA MONTAGNE, 18, rue Des

181 2894 620 49 cartes. Paris-Se (ODE 82-39) Consommation

190 2911 620 59 12 F. Le mercredi, les lazz Ticots, le jeno

181 2929 640 67 les Haricois Rouges le vendrede, les Slasi

187 2975 634 53 sticks: le samedi" Sharkey 8 Co, de 22

184 3005 79 49 à 2 h

178 3028 649 59 CHAT QUI PECHE, 4 rue de la Huchette, Pa.

178 3066 646 50 F1S-8 (BAN 23-06). Consommation 1F Tous

184 3092 634 50 les soirs sauf mercredi de 22 h à 3 h Jus

181 3101 646 67 qu'au 18 fevrier Michel portal 50 7s

181 3148 254 50 29: Sahib Shihab

181 3177 643 59 LA CIGALE, 124, boulevard Rochechouart Pa

193 3215 628 53 Fs-18 (MON, 59-29) Consommations: 4F e

912 2397 658 61 F Tous les sotrs sauf jeudt de 21 h 30 à

909 2423 474 67 2 h. Ofchestre Robert Mavounz)

906 2458 658 61 CINTRA, square de l'Opera (tel

909 2496 646 50 Service (renouv. 8 E), diner 45 F. A parti

912 2516 649 56 de 22 h avec Steph Guerault Quartette (Char¬

915 2549 386 58 pin au bar) (sous réserves)

906 2575 646 64 LE FURSTÉNBERG, 25, rue de Bucl, Pars-S

912 2610 640 53 Tél., 03379-51. Tous les soirs jusqu’à 3 h de

909 2631 316 67 matin Andre Persiany

906 2663 649 64 eltt'S CLUB. 7 ue Sainte-Crowx de la Bre

915 2701 635 52 tonnerte, Paris-4e (277-40-49). Consommattons

921 2730 561 50 2F Etudiants: 1F Sotrées de 22

921 2736 629 67 5 h. leud  aklr se lazz Band. Le vendrea)

909 2765 649 70 Cion Society fass Sand te samed es Jan

915 2809 99 55 hermos

909 2832 655 59 HELLZAPOPPIN', 14, rue Saint-Dents, pansate

912 2870 646 53 (508-96-25). 15 F (fermé lundi et mardi). Du a

912 2897 646 55 au 16: Guy Lafitte à es

909 2926 129 49 Swingers

909 2943 658 62 HOTEL, rue des Beaux-Arts, Parts-6 Rene

912 2984 167 47 Ortreger trit

912 2996 649 67 HOTEL HVITON, 18 av de Suffren Pars-18e

915 3043 643 49 (273-92-00) Tous les soirs sauf lundi. Stéphane

906 3046 243 73 Grapself Ounee

912 3089 646 65 AZZAINN, 18, rue de Beaujolais, Pars les

909 3104 646 76 Ma Sse da eraub

921 3148 643 61 sauf mardi Consommation 20 F Jusqu’au

921 3186 640 50 12 février: Lou Bennet et Kenny Clarke. D

918 3209 646 53 13 au 21 et du 27 février au a' mars War

1634 2411 652 44 Jullien Quartet. Du 23 au 26 février: Ele

1643 2435 377 46 Thelin /Pierre Favre Quartet

1634 2452 652 62 LVING ROOM, 28, av du Colisée, Paris-8

1640 2490 641 53 (ELY 25-29). Consommation, (F Tous les

1637 2499 647 70 Siis samp ammancite de 32 n 8 à p CeAlles

1643 2549 377 52 Darr trio et Aaron Bridgers

1634 2569 650 64 PUB FELIX, 22. rue Mouffetard, Pars-s

1640 2607 635 53 (707-68-78). Consommations a partir de 1050 f

1640 2619 494 70 5° 80 fela ceneele Camara Gtoupe

1637 2660 652 61 RIVERBOP, 67, rue Saint-Andre des-Arts, Pa¬

1646 2698 638 49 ris-6e (sans téléphone). Du mercredi au sa

1646 2730 629 47 medi soir à partir de 22 h (consommations

1646 2753 608 47 15 et 17 F)" le mercredi: Triode: Jeud

1640 2762 649 64 Michel Terfieux Qbartet vendred Mgog

1640 2803 652 53 lospin Quintet, samedi: Arigo Lorenzt Quar¬

1643 2832 41 53 tet

1637 2850 652 61 SLOW CLUB, 130 re de Auol panse

1643 2888 638 55 (GUT. 84 30) Consommations8 e

1643 2923 635 47 Tous les soirs sauf lundi de 21 h 30 à! h 30

1637 2929 649 70 Matines d'manche 15 h Orcheste Vate Cais¬

1646 2975 67 53 nere

1640 3002 649 67 IROIS MAILLETZ, 86 Me Galande Pans-

1646 3040 638 49 (ODE 00-79). Consommation 2FTous les

1646 3054 643 59 sous sauf und de 22 h à 2p. Mione de

1643 3078 646 64 Villers (Quartet avec Siegfried Kesste- E

1646 3116 363 55 attraction. Memphis Stim

1649 3145 629 58 CINTRA, 6, square de l'Opera

1646 3180 635 53 57-31) Premiere consommation 20F– ser

1643 3206 290 56 vice: Maxime Saury

1017 2312 424 90 CABARETS

2319 3306 58 61 25
