2550 4200
142 385 712 56 • Bill Coleman, Stéphane Grappelly, Char¬

137 420 703 58 les Bellonzi, ont donné un concert le ven¬

140 457 702 51 dredi 18 octobre à la Maison des Jeunes

142 497 348 53 d’lssy-les-Moulineaux.

144 553 696 58 • Le même soir, Joachim Kuhn, J.F. Jenny

142 592 691 52 Clark, Jacques Thollot se produisaient à la

142 627 700 59 Maison des Jeunes et de la Culture Point

142 662 124 56 du Jour

142 709 703 68 • Billie Poole remplaçait Memphis Slim

142 760 696 56 aux Trois Mailletz, pendant le mois d’oc¬

142 802 91 54 tobre

142 851 700 61 • Rhoda Scott (orgue Hammond) se pro¬

147 898 695 51 duit toujours au Bilboquet, rue Saint-Benoit.

147 933 693 54 Le Trio Daniel Humair anima ce Club pen¬

142 966 537 53 dant quelques soirs, en octobre

144 1022 701 60 • Curtis Jones a quitté le Pub Félix. C’est

149 1066 696 51 l’orchestre du Gill’s Club, les Blues Sounds

144 1099 696 60 d’Alain Bromberg (orgue) qui le remplaça

147 1138 254 52 à la mi-octobre

147 1192 695 65 • Hank Mobley a donné une série de

144 1229 701 56 concerts en Angleterre entre le 17 octobre

151 1267 689 58 et le 22. Provisoirement, c’est le quintet

144 1302 698 56 de Charles Basson (trompette) qui le rem¬

142 1339 336 56 plaça au Gill’s Club.

149 1390 696 63 • Le trio de Jef Gilson, Gilbert Rovère.

147 1432 698 54 Lionel Magal augmenté de Pierre Dutour

147 1467 698 56 (tp). François Guin (tb) et Gérard Badini

147 1505 698 58 (ts) a participé à l’émission de télévision

147 1540 695 58 de l'ORTF « L’invité du dimanche » qui

147 1577 700 54 était cette fois-là (6 octobre) le célèbre

147 1612 695 63 peintre créateur des affiches de ballets

149 1647 693 58 nègres de 1925 qui « lancèrent » José¬

147 1680 695 63 phine Baker. Pour les interventions duran

151 1719 691 56 cette émission Jef Gilson avait écrit une

147 1754 695 54 musique - mi-Kid Ory mi-Charlie Mingus -

149 1789 693 54 dansée par les ballets de Barbara Pearce

147 1824 695 54 dans une ambiance 1968 évoquant 1925

147 1859 695 54 Le samedi 23 novembre à 21 heures, à la

149 1897 698 56 Maison des jeunes de Colombes, 12, rue

149 1934 696 58 Thomas-d’Orléans, tél. 782-42-70, unique

149 1971 696 52 concert donné par Jean-Luc Ponty (violon).

149 2004 698 58 Jean-Charles Capon (violoncelle) et le trio

149 2037 696 63 de Jef Gilson avec Gilbert Rovère (basse)

151 2074 696 51 et Lionel Magal (batterie), sur de nou¬

149 2111 551 59 velles compositions de Jef Gilson

147 2172 703 63 • Il est question que le Club Saint-Germain

147 2216 698 54 (actuellement Bilboquet) revienne prochai¬

147 2249 698 63 nement à son ancienne formule et présente

147 2289 562 60 des solistes français et étrangers

149 2349 701 63 • Dino Cagnasso, l’arrangeur du grand

149 2396 698 51 orchestre Sonny Grey et le contrebassiste

149 2426 701 59 J.-F. Catoire ont formé un nouveau big band

154 2466 696 51 constitué de dix-huit musiciens. Les répéti¬

151 2501 696 51 tions ont lieu tous les mercredis de 19 h

198 2538 649 54 21 h. 74, rue Mouffetard, Paris-5e. Un

151 2573 416 54 LP serait en préparation.

151 2627 701 70 • Jimmy Rushing et Buddy Tate effectue¬

151 2676 701 54 ront une tournée en France entre le 18

151 2716 703 56 novembre et le 7 décembre. Ils donneront

149 2753 362 54 une série de concerts

151 2816 703 61 • Patrice Galas (piano) a dissous le trio

151 2853 699 56 que nous connaissions depuis un an et

151 2891 699 56 recherche activement un bassiste et un bat¬

151 2926 699 65 teur afin de former une nouvelle rythmique.

151 2963 355 63 Contact : Gill's Club

920 375 700 63 • Frank Foster après son passage au Ca¬

915 415 703 51 méléon se produira quelques jours au Café

915 450 700 56 Montmartre à Copenhague puis rejoindra

915 487 698 54 directement New York. Il pense revenir en

915 522 700 54 Europe courant 1969 et s’y installer défi¬

917 562 435 56 nitivement avec sa famille

915 618 703 56 • Benny Bailey serait, après Ted Curson,

922 660 684 54 le prochain soliste américain devant se

913 690 471 61 produire au Chat qui pêche

915 751 703 56 • Marion Brown a donné en Allemagne

917 788 701 59 une série de concerts. Il a d’autre part

917 828 698 56 enregistré un disque que l’on peut se

915 865 374 59 procurer en écrivant à

920 900 198 52 Calig-Verlag

924 935 231 56 8 Munchen 19

917 973 224 49 Postfach 146

920 1005 240 59 Renatastrse 71

917 1038 696 54 Son orchestre était composé d’Ambrose

920 1075 693 54 Jackson (tp). Gunther Hampel (vbs). Steve

922 1115 572 61 McCall (dms). Buschi Nebergall (b)

945 1246 647 63 NE MANQUEZ PAS NOTRE NUMERO

945 1292 271 66 DE DECEMBRE

957 1372 630 63 au sommaire: Sonny Murray, Fats

948 1414 635 56 Waller, Mike Mantler, Eddie Davis

945 1449 304 58 Barney Wilen, etc

915 1635 474 63 NOUVELLES ORLEANAISES

922 1691 700 63 * Daniel Barda, ex-trombone des Haricots

917 1740 703 52 Rouges, vient de remplacer Mowgli Jospin

927 1778 520 63 dans le High Society Jazz Band.

924 1841 703 60 * Les Jazz O’Maniacs vont prochainement

922 1885 696 56 enregistrer avec Albert Nicholas pour le

920 1922 700 59 compte de Polydor. Un 30 cm est d'ores et

922 1962 180 51 déjà prévu.

924 2027 705 61 * Les Hot Peppers de Marseille viennent

922 2067 703 56 de se disperser. C’était sans doute l’un des

922 2104 696 54 meilleurs orchestres traditionnels de pro¬

922 2135 703 60 vince. Il avait participé à trois Jazz Band

927 2179 77 56 Balls

924 2242 703 68 * La Reverend Sharkey's Congregation

922 2286 703 59 (ex-New Orleans Jazzin' Babies) participera

924 2321 701 56 avec Annie Fratellini et son orchestre

922 2356 700 56 Dixieland au deuxième Festival de Jazz de

924 2391 701 52 Fontainebleau, le 7 novembre au Théâtre

924 2426 696 61 Municipal. Le Vivian' Villersten's Quintet

927 2464 693 56 est également au programme de cette

927 2501 105 54 soirée.

964 2606 621 82 petites annonces

931 2723 547 74 4 vendre quitare Gibson ES 17S P GI¬

931 2825 444 54 Jusqu’à 50 06, sur tous disques

931 2863 696 51 TOUS DISQUES. Les meilleures affaires de Paris

938 2898 668 53 chez DISC-INTER, 9, rue de l’Odéon, Paris (6

931 2928 689 51 Mo Odéon. Rayon spécial Achat, Vente, Echange

929 2958 446 70 Disques d'occaston et 78 tours

1854 382 369 61 LIVRES (Suite).

1690 441 708 67 par la révolution. Car le capitalisme amé¬

1695 487 703 52 ricain postule la ségrégation (ne serait ce

1692 520 699 54 que parce que les Noirs forment un volant

1690 557 705 54 pouvant amortir les crises cycliques de la

1690 592 701 56 production. Il n’est pas rare que 50 Olo

1692 627 701 54 de la population noire de Detroit soit en

1690 665 703 53 chômage). L’ennemi, ce ne sont pas les

1692 702 699 51 structures inconscientes du Blanc, mais

1690 735 701 46 avant tout la société capitaliste. Pour

1695 772 693 51 l’abattre, il faut faire la révolution. Les

1690 802 696 56 Noirs sont-ils en nombre suffisants ? I

1690 842 701 56 faut ici remarquer qu’ils ne se sentent plus

1695 879 689 54 seuls : il y a de plus en plus d’ina

1692 914 699 47 daptés blancs et le problème des rela¬

1690 947 701 49 tions avec la « New Left » américaine

1692 980 701 53 commence à se poser. Mais surtout, et

1692 1017 701 51 Stokely Carmichael a le mérite de le rap¬

1697 1057 698 51 peler, les Noirs ont le Tiers Monde der¬

1692 1087 701 54 rière eux. Che Guevarra : » Il faut ouvrir

1692 1124 706 52 deux ou trois autres Vietnam ». Beaucoup

1692 1157 701 56 de leaders noirs pensent de plus en plus

1704 1199 12 54 à

1742 1194 651 54 en ouvrir un à l’intérieur même des

1697 1234 173 54 Etats-Unis.

1692 1271 706 66 Le livre de Baldwin est bien dépassé en

1695 1311 698 56 ce que toutes ces considérations politi¬

1700 1348 693 52 ques lui sont étrangères. D’ailleurs il y

1697 1383 696 52 a quelque ironie à publier ce livre de

1695 1414 700 58 Baldwin aujourd’hui alors que l’on sait

1697 1453 698 54 qu’il a depuis adopté les positions extré¬

1692 1481 703 56 mistes qu’il critiquait en 1962. N’a-t-il pas

1702 1526 670 56 déclaré lors d’une interview récente

1700 1561 693 51 - Des gens séparés par des milliers de

1692 1593 703 61 kilomètres et par d’autres facteurs commen¬

1695 1631 700 56 cent à se découvrir des points communs,

1695 1668 698 49 voilà ce que dit Carmichael. Cette idée

1692 1701 703 53 inquiète les Américains. Elle est pourtant

1697 1745 108 54 vraie.

2110 1745 283 54 Michel LE BRIS.

1690 1831 708 68 Courrier des lecteurs (Suite).

1702 1901 649 63 6 nacaues Antie. merci de votre lettre.

1697 1976 217 54 du même bord.

1702 2025 686 58 oPaul Poixeder : Nous tous, de Le Bris à N.

1704 2067 654 54 quet, nous rougissons encore de contentement.

1700 2114 614 60 o lacques Bruyas: non, c’est un principe.

1744 2170 654 60 Joel Carlinet : les meilleurs disques de Wes

1700 2205 677 56 Montgomery? le ne sais pas. Moi J'aime bea

1702 2240 689 51 coup les premiers, enregistrés chez Riverside, et

1707 2272 686 54 tout particullèrement The Incredible lazz Guitar,

1704 2307 353 47 que va republier Polydor

1704 2354 677 61 oAlain Lechelle : Saxophone Colossus est

1707 2405 684 68 Piarconl (qui distribue la marque Prestige) L

1898 2389 495 56 ovembre ou décembre chez Pathé¬

1704 2452 689 54 Freedom Now Suite se trouve sur le disque Sha¬

1704 2480 689 54 dow Waltz (Jazzland AM 86). On le trouve che¬

1711 2515 684 51 les disquaires spécialisés en importation, qui, s’ils

1707 2543 684 54 ne l’ont pas en stock se feront un plaisir de

1707 2576 686 51 vous le commander aux Etats-Unts. Avec un pet

1711 2606 21 49 8

1753 2606 642 49 chance vous l’aurez dans trois mois. Mais

1704 2636 687 54 Polydor le publiera peut-être puisque cette firme

1709 2669 689 49 vient de racheter le catalogue Riverside-lazzland.

1707 2699 688 52 Même chose pour Thelonious Himselt dans lequet

1707 2732 691 54 se trouve Monks Mood, ce chef-d’œuvre dont

1707 2767 315 49 vous cherchez le nom

1711 2797 684 56 St ca continue ces demandes de renseignements

1709 2832 686 52 je change de métier pour devenir Parent d'Elèves

1711 2865 677 49 à la Fac. de Sclences (120 F par jour. Authen

1707 2893 691 75 tique. Aucune quallfication, seulement du muscle

1704 2923 110 80 partouo

2043 2947 336 67 PhifIgBE CONSTANTIN.
